2440 4764
121 513 128 522 Α
283 407 390 492 cla.
417 417 481 494 ιι.
508 379 762 490 Ιιιιιζνιειι.
778 413 785 464 <
910 431 1015 508 ’555

472 596 547 666 423·

96 709 219 772 Retina
234 707 278 772 est
294 705 414 768 ultima
431 720 464 769 et
482 703 671 802 dignislima
689 704 902 781 membrana,
933 727 1013 773 curn

22 826 103 892 nervi
125 825 229 913 optici
258 811 470 892 continuatio
503 838 537 887 et
565 821 653 888 visua
683 825 861 911 proprium
891 823 931 896 fit
963 848 1014 890 or·

20 969 130 1030 ganan
162 989 176 1020 s

94 1070 221 1132 Nervus
249 1063 341 1130 enim
351 1062 499 1148 opticus
524 1065 566 1148 (ll.
580 1060 698 1148 358.,)
725 1081 803 1128 curn
822 1066 922 1130 'nullo
946 1055 1033 1134 alio«
1083 1127 1087 1136 ,
1140 1042 1143 1052 ’

21 1185 222 1264 confluens,
211 1209 250 1248 ιιι
267 1205 346 1248 conr
337 1182 433 1246 fere
451 1181 595 1268 speciem
611 1183 837 1260 contrahitur,
859 1202 900 1248 ut
914 1190 1013 1253 oculo

18 1304 140 1391 propior
154 1305 212 1384 fit,
243 1317 401 1370 curvatur
419 1303 461 1364 a‘d
474 1301 649 1366 internum
665 1303 766 1377 latua,
788 1302 868 1370 lieet
882 1304 920 1368 in
938 1319 1012 1380 een-

18 1437 60 1488 tro
83 1424 149 1490 axis
166 1421 339 1488 verticalis.
357 1422 456 1486 oculo
490 1420 681 1498 inseratur„
712 1422 867 1507 Depofita
893 1425 1013 1514 vagina

18 1543 103 1616 dura,
126 1565 208 1630 quae
225 1540 356 1628 partim*
372 1538 410 1602 in
424 1537 626 1626 periodeum
650 1539 794 1616 orbitae,
827 1544 951 1628 partim
974 1546 1013 1612 ιιι

17 1661 202 1728 scleraticun
217 1659 290 1736 abit
296 1684 307 1738 3
323 1646 646 1744 penetratlaminam
660 1661 733 1724 e'am
750 1660 947 1738 cribrolam,.
961 1668 1015 1731 [u.

17 1801 64 1864 pra
80 1781 284 1868 descriptam,
307 1777 487 1842 filamentis
503 1777 573 1844 fere
590 1777 728 1858 tricenis
746 1779 831 1880 etin
850 1784 1013 1849 medulla·
1048 1861 1054 1884 .

16 1919 75 1962 rem
98 1924 169 1966 eam
200 1901 446 1966 membranam
455 1897 634 1984 panditur,
650 1920 743 1984 quae
773 1901 1010 1990 hemisphaerii
1055 1925 1059 1936 ’

15 2015 106 2103 specie
124 2013 229 2086 totam
243 2018 459 2106 posteriorem
477 2016 625 2102 corporis
641 2016 742 2081 vitrei
756 2018 879 2122 facicm
893 2027 1010 2102 ambit.

41 2139 228 2204 Fabrica
253 2138 324 2204 eius
346 2139 559 2202 membranae
582 2136 771 2228 mollissima
798 2104 875 2222 ell3
895 2143 933 2208 in
949 2148 1009 2210 bo·

14 2258 92 2325 uine
127 2261 286 2338 obscure,
333 2259 389 2337 in
402 2257 633 2332 animalibus,
686 2259 832 2328 maxime
863 2263 1011 2363 piscibus

15 2378 170 2448 manifesto
187 2353 355 2452 fibrilloia,
381 2376 555 2450 reticulata
580 2377 682 2442 etiam
704 2379 743 2444 ιιι
764 2381 1010 2486 mammalibus,

16 2496 63 2582 qui
97 2514 204 2584 tapete
244 2495 445 2566 choroideae
487 2496 655 2586 gaudent.
707 2499 818 2564 Plicae
849 2501 1007 2578 radiatae,
1064 2536 1070 2544 ·

14 2635 81 2700 quas
102 2617 299 2702 Ruylchius
312 2617 349 2680 ιιι
373 2635 411 2678 ea
434 2613 585 2690 invenit,
624 2619 802 2692 oriuntur,
835 2619 1009 2702 fiviolen·

13 2747 54 2802 ter
80 2741 311 2804 membranam
341 2719 415 2800 cani
453 2757 472 2800 a
501 2713 639 2820 corpore
672 2734 778 2800 vitreo
811 2739 1009 2814 detraxerint

14 2854 323 2938 planislimaautem
350 2871 503 2942 apparet,
543 2835 622 2922 cum
646 2875 685 2919 eo
713 2875 853 2948 corpore
875 2875 1008 2948 natura·
1047 2935 1052 2946 „

13 2967 74 3038 liter
96 2959 220 3042 iuncta.
276 2975 378 3042 Color
401 2976 446 3040 est
478 2969 765 3040 cinereo-caestus
795 2997 833 3063 m
862 2975 1010 3042 homini-

14 3089 79 3168 bus,
110 3095 279 3160 candidus
304 3095 342 3158 in
371 3095 478 3162 brutis
509 3095 722 3163 animalibus.
777 3096 864 3161 Vafis
897 3114 1009 3182 perre-
1074 3077 1084 3086 ’
1123 3073 1124 3080 ¹

11 3225 124 3294 ptatur,
163 3214 359 3302 praesertim
384 3218 426 3280 ad
442 3213 612 3294 internam
633 3213 773 3290 faciem,
806 3215 1016 3304 centralibus'

12 3328 111 3410 dictis,
152 3337 234 3400 licet
265 3352 379 3404 exacte
418 3351 573 3403 centrum
606 3333 883 3426 hemisphaerii,
916 3338 1009 3422 quod

11 3451 140 3518 retinam
182 3455 323 3530 format,
372 3457 463 3521 baud
489 3471 687 3542 penetrent.
745 3453 875 3520 Arteria
914 3455 1008 3522 enim
1095 3523 1099 3530 ,

11 3573 149 3639 centralis
167 3597 255 3641 cum
285 3572 398 3642 media
428 3575 532 3660 optici
563 3575 658 3640 nervi
688 3574 835 3640 medulla
869 3577 1009 3660 bcnlum
1080 3581 1082 3590 ’

11 3705 127 3770 petens,
170 3693 254 3758 huic
277 3692 342 3758 sele
369 3693 517 3778 infirmat
531 3699 754 3760 membranae
789 3695 826 3756 in
856 3691 1036 3756 distantia&

11 3803 165 3882 linearum
188 3805 334 3882 duarum
358 3835 377 3878 a
397 3829 522 3893 centro.
577 3815 682 3878 Recta
708 3827 822 3876 autem
845 3810 955 3874 tendit
971 3831 1009 3877 ea
1054 3884 1057 3893 ¹

591 3933 693 3998 .Za
795 3976 798 3988 f
