2462 4766
191 553 267 724 sis
334 628 446 703 atu
471 627 518 700 11.
570 625 644 698 ot
669 625 791 704 vtm
813 625 1088 704 sensuam

277 794 427 862 Maxime
456 793 493 858 id
515 795 676 880 probatur
692 815 872 858 nervorum
896 794 934 858 in
959 793 1080 882 quovis
1101 797 1179 881 [upe-

190 919 320 987 riorum
336 917 492 979 sensuum
505 935 628 1000 organo
648 914 854 1001 duplicitate.
899 913 1087 981 Peculiares
1103 893 1180 1008 enirn

190 1037 308 1112 nervi,
342 1035 475 1120 opticus
500 1026 533 1098 ct
549 1035 711 1115 acusttcus
726 1035 819 1098 nialla
835 1057 914 1122 cum
928 1029 1013 1108 aliis,
1032 1031 1180 1126 ‹acciepi-

159 1169 163 1176 '
184 1160 219 1254 is
230 1154 342 1222 nervis
355 1152 596 1237 communione
616 1152 778 1240 infigam,
814 1153 877 1220 [oli
894 1153 1049 1249 protinus
1072 1153 1183 1218 aderint

129 1307 138 1329 ν
188 1284 350 1344 hactenus
366 1293 498 1358 organa,
521 1288 562 1335 ut
580 1271 618 1334 in
635 1268 769 1336 mallem
781 1276 953 1376 pulpolam
969 1277 1098 1339 abeant
1134 1263 1189 1334 Va*

190 1402 223 1464 la
239 1391 433 1461 comitantia
446 1391 562 1454 minus
579 1393 710 1480 copiosa
727 1383 1118 1480 potilfimumaiteriosa,
1146 1393 1181 1454 [c-
1220 1427 1221 1430 =

190 1517 376 1584 cretionem
398 1513 572 1602 aquosam,
602 1512 1058 1600 albuminolo·gelatinosam
1072 1515 1181 1600 produ·

190 1651 292 1710 cunt,
329 1633 412 1698 licut
437 1629 592 1698 centralis
615 1633 735 1696 arteria
756 1634 845 1698 oculi
876 1634 1008 1720 corpori
1034 1633 1140 1698 vitreo
1158 1647 1184 1698 et

105 1834 108 1841 ¹
177 1743 273 1838 ¹lenti
292 1747 514 1836 crystallinae,
537 1750 677 1815 arteriae
699 1751 939 1834 labyrinthicas
957 1751 1117 1840 ampullis
1138 1773 1181 1816 ve·

188 1857 300 1942 ssimi
316 1871 431 1969 squeis
451 1887 486 1934 et
510 1873 665 1936 cochleae
681 1869 815 1936 interno
829 1843 968 1959 parieti}
1000 1862 1180 1959 provident,

128 2025 132 2034 ·
157 2049 167 2069 .
187 1997 280 2061 unde
300 1979 534 2075 oxydationem
557 1990 670 2076 vigere
687 1994 749 2057 hac
763 2007 855 2076 parte
872 2014 911 2056 ac
924 1991 1108 2078 positivum
1132 1990 1181 2054 elle

123 2159 130 2170 ·
170 2129 324 2182 ‘catenae
343 2109 543 2175 Galvanicac
558 2112 686 2200 polum,
710 2133 788 2174 cum
804 2110 975 2177 Brandifio
994 2107 1178 2179 crediderit

200 2263 204 2270 ¹
274 2239 389 2318 Longe
403 2230 468 2294 alio
485 2231 586 2295 modo
610 2231 642 2293 se
658 2229 975 2324 habent2auxiliares
990 2230 1111 2307 nervi,
1131 2225 1180 2316 qui

129 2394 146 2402 ··
186 2359 225 2423 iit
246 2347 471 2442 superioribus
495 2343 806 2437 sensuum‘organis
831 2337 1004 2418 ae'cedunt
1028 2355 1138 2418 -Sunt
1159 2347 1178 2409 ii

186 2476 337 2542 duriores
352 2471 429 2560 ipiis
451 2469 561 2535 nervis
582 2469 840 2556 principalibus,
872 2495 952 2540 cum
971 2460 1110 2538 multis?
1118 2468 1179 2534 aliis

184 2595 297 2662 nervis
315 2591 529 2658 anastomoscs
545 2588 685 2662 ineunt,
714 2592 845 2677 ganglia
872 2593 1021 2658 formant
1040 2609 1075 2658 et
1087 2591 1125 2658 in
1138 2611 1177 2654 ra·

139 2755 140 2758 =
184 2737 256 2780 mos
270 2684 456 2779 multifidos
475 2707 732 2774 distribuuntur.
764 2710 953 2796 ,stipantur
973 2711 1058 2777 valis
1077 2709 1176 2795 copio-

182 2831 340 2907 iioribus',
362 2830 610 2917 turgidioribus,
631 2829 798 2896 arrfractus
817 2831 910 2916 saepe
927 2833 1105 2898 daedaleos
1122 2830 1176 2894 for-

182 2945 374 3034 mantibus,
405 2952 482 3036 quia
508 2929 665 3023 arteriae,
696 2947 784 3014 nitsit
805 2950 874 3016 fere
897 2952 1124 3024 secernentes,
1145 2948 1175 3011 in

181 3096 283 3139 venas
297 3067 450 3158 spatiosas
466 3070 557 3149 illico
572 3073 714 3141 abeunt:
739 3071 831 3156 quod
844 3063 1023 3136 maximae
1039 3067 1175 3136 vortico-

82 3267 86 3276 .
180 3193 220 3258 iis
236 3190 435 3258 chornideae
449 3189 588 3264 ¹tunicae
603 3189 685 3254 vasis
702 3190 820 3259 elucet.
846 3189 962 3255 Minor
979 3212 1017 3254 ea
1027 3189 1175 3254 differen-

180 3309 228 3375 tia
242 3310 279 3372 in
301 3306 374 3374 aliis
390 3310 544 3372 sensuum
564 3306 695 3395 organis
723 3311 923 3374 observatur.
975 3313 1020 3374 Et
1047 3307 1087 3372 in
1111 3305 1174 3392 ipio

52 3461 57 3474 κ
88 3429 91 3434 ’
178 3429 248 3494 ism
264 3427 402 3494 olfactus
431 3425 558 3516 oigano
577 3425 769 3494 manifestus
789 3431 832 3494 est
851 3449 1034 3525 nervorum
1058 3425 1173 3513 princi·

176 3547 307 3634 poium
335 3561 370 3609 et
389 3547 602 3612 auxiliarium
630 3550 825 3623 confluxus,
863 3530 1037 3634 magisilue
1060 3535 1173 3610 idfinis

71 3690 75 3698 ·
177 3662 317 3732 secretio
336 3663 373 3728 in
390 3666 526 3732 conchis
543 3668 676 3732 narium
691 3685 724 3733 et
737 3668 879 3735 sinubus.

264 3785 319 3854 Sic
347 3801 381 3850 et
402 3785 485 3850 aliae
515 3785 553 3850 in
577 3787 731 3852 sensuum
759 3787 890 3875 organis
904 3783 1109 3853 ‹huerfitatcs
1126 3807 1171 3850 oc»

89 3913 94 3922 “
175 3922 324 4002 currunt.
376 3905 545 4008 Radiatim
570 3907 886 4000 autpenicillorum
911 3908 1017 3972 forma
1042 3900 1169 3972 aiustici

175 4023 269 4091 nervi
281 4021 392 4088 ultimi
408 4024 531 4098 surculi
549 4025 753 4094 in-ve'ttituti
773 4029 934 4115 ampullas
944 4041 987 4112 'et
1001 4027 1168 4094 cochleam
