2562 4744
141 417 153 526 ῥ
265 429 374 506 cta.
396 431 444 509 v.
485 432 565 505 ou
585 428 792 542 tubiro.
899 444 904 486 :
961 411 1093 538 42*ss

28 627 86 672 nec
127 599 342 666 mandibulas
374 615 540 684 tangeret,
588 600 789 688 pulsationes
822 605 1037 706 nequaquam
1137 651 1139 672 .

28 725 231 792 audiuntur,
268 717 430 781 obturatis
454 717 589 784 auribus
614 718 767 806 externisss
822 721 960 808 Egregie
982 746 1037 786 ve-

28 869 60 912 ro
94 863 207 929 nuper
236 833 344 902 Bressa
377 836 547 920 probavit,
580 839 746 926 proptiae.
765 842 857 906 vocis
889 819 1038 904 stinitum

29 970 87 1028 hac
111 963 169 1027 via
197 959 235 1022 in
262 955 413 1042 tympani
437 979 571 1022 caveam
597 959 706 1034 abire,
746 959 837 1024 unde
860 957 960 1022 etiarn
981 979 1039 1020 nav

28 1105 96 1152 tura
120 1069 246 1146 ostium
273 1077 344 1141 eius
371 1080 469 1139 tubae
503 1077 678 1141 internum
701 1079 851 1166 tympani
874 1081 1036 1140 membra·

29 1229 85 1270 nae
108 1200 285 1267 adversum
306 1195 499 1261 collocavit:
539 1197 679 1262 sienim
699 1197 863 1264 rotundae
881 1198 1063 1292 fenestrae*
1136 1199 1141 1210 ’
1235 1189 1244 1206 ’

29 1321 200 1388 adversum
224 1317 322 1404 esset,
356 1315 449 1377 haud
487 1337 524 1378 ea
546 1315 734 1381 intenfitate
759 1317 912 1428 propriae
942 1335 1040 1380 toccs

32 1441 293 1530 perciperentur.
338 1433 495 1520 Accedit,
539 1409 632 1521 quod
654 1437 777 1500 summi
799 1431 962 1500 momenti
987 1439 1039 1512 est,

31 1561 201 1626 vocalibus
226 1557 388 1618 duntaxat
410 1553 610 1618 animalibus
626 1559 714 1619 hanc
739 1559 855 1618 tubum
880 1580 897 1619 a
921 1573 1040 1622 natura
1125 1573 1129 1580 ¹

36 1684 148 1750 datam
169 1677 252 1756 esset
289 1675 326 1735 in
351 1671 495 1757 piscibus
522 1672 612 1738 enim
637 1677 741 1750 deest,
776 1691 809 1739 et
835 1675 872 1738 in
898 1675 1040 1740 cetaccis
1121 1747 1128 1760 ,

36 1793 182 1866 ollium
170 1820 209 1859 ιη
234 1777 327 1856 nares
359 1793 527 1877 supremas
559 1793 707 1900 aperitur
741 1798 793 1878 (tl
815 1801 933 1876 aspa),
973 1811 1040 1880 quo

27 1935 63 2008 ‘et
81 1921 200 2001 larynx
225 1913 283 1978 ads
268 1911 403 1976 [cendit
454 1916 573 1975 Veram
599 1915 659 1976 else
685 1937 758 1983 eam
784 1913 967 1978 utilitatem
987 1917 1042 2001 tel

36 2033 107 2103 inde
142 2032 305 2107 efficitur,
351 2033 442 2118 quod
477 2029 597 2095 clarius
631 2034 787 2106 audiatur
813 2023 946 2120 ptopria
975 2009 1045 2100 voi

37 2161 185 2242 obturata
211 2173 290 2216 aure
312 2163 464 2226 externa,
504 2168 538 2216 et
564 2136 672 2238 quod,
710 2155 769 2240 qui
803 2153 891 2216 muti
921 2155 1041 2217 sunta
1135 2181 1141 2190 ·

39 2273 224 2347 nativitate,
267 2288 448 2362 perdures
484 2272 579 2358 loqui
611 2273 777 2347 soleant,'
802 2273 896 2360 quia,
934 2289 1040 2338 uteo
1084 2345 1085 2352 ,

41 2395 151 2462 melius
173 2414 293 2458 vocem
321 2389 528 2481 percipiant,
566 2403 677 2458 esrem
706 2379 811 2480 magis
846 2382 955 2481 ‘versus
989 2410 1039 2456 tu·

40 2516 93 2580 bae
117 2515 238 2580 ostium
265 2511 470 2576 condensant
489 2525 522 2573 et
547 2510 696 2596 adigunt.
773 2582 778 2600 ,

119 2631 349 2698 Nec'.tertiam
375 2628 474 2695 tubae
505 2629 609 2693 huius
639 2629 857 2708 utilitatem„
882 2651 900 2694 a
933 2630 1043 2697 Fabri=
1109 2675 1114 2682 ·

43 2753 89 2817 cio
112 2753 312 2824 indicatam,
345 2771 464 2836 negare
490 2748 602 2810 ausim.
649 2743 892 2834 Complectitur
910 2775 946 2844 qa
965 2777 1042 2836 pur-

43 2876 203 2958 gationern
226 2861 377 2934 internae
412 2867 499 2932 auris
528 2882 561 2930 et
590 2865 772 2930 humorum
798 2868 1044 2934 abundantium

46 2996 272 3078 expulsionem.
324 2995 363 3054 ln
388 2987 533 3078 foetibus
562 2987 654 3050 enirn
686 3009 771 3072 aqua
801 2981 906 3050 amitii
941 2989 1046 3052 intrat

45 3111 186 3199 tympani
216 3130 350 3174 caveam
385 3133 445 3196 per
477 3113 563 3172 hanc
593 3104 699 3180 viam,
745 3129 848 3198 eaque
880 3110 916 3168 in
946 3123 1045 3194 partu

45 3247 97 3294 aut
112 3233 182 3318 post
205 3229 351 3293 eumtta
377 3217 587 3301 eliminatur,
622 3205 660 3288 ut
686 3221 921 3312 aequilibrium
940 3230 1054 3294 servet

46 3362 102 3414 tur.
145 3349 216 3415 Nec
236 3340 275 3410 in
294 3339 414 3410 adultis
439 3347 557 3412 desunt
582 3336 692 3420 casus,
735 3344 791 3408 ubi
815 3349 971 3414 humores
992 3351 1043 3412 in

44 3479 147 3536 ternae
181 3469 270 3533 auris
301 3469 364 3531 hac
390 3468 610 3564 produxerint
643 3488 750 3554 eoque
781 3469 883 3534 modo
908 3469 1053 3536 auditus.

45 3584 172 3658 facultas
192 3602 340 3658 consata
361 3586 409 3652 lit.
