2440 4764
21 431 29 456 ι
129 359 447 486 scruta.
508 401 731 481 nnvrsu
846 347 1041 491 'aar'

81 587 177 654 Valde
195 581 369 670 perlucens
392 592 426 640 et
443 571 586 660 limpida
611 575 654 638 est
677 573 715 651 in
737 569 907 668 lanisfimie
934 575 995 636 ho.-

14 710 160 787 minibus,
194 703 248 778 led
269 713 374 766 aetate
396 717 511 782 opaca
523 692 572 758 fit.
634 687 729 779 Quae
749 690 892 756 mutatio
916 711 1009 778 quo·
1039 705 1043 716 ¹

15 852 68 917 que
90 830 134 890 ab
148 821 294 888 alcohole
316 831 350 880 et
365 814 468 880 acidis
483 799 700 880 mineralibue
716 809 928 916 producitur,
953 807 999 874 fa'
1088 847 1092 862 ι
1190 885 1194 892 ,

14 950 124 1012 bricam
150 939 243 1008 fimul
271 937 470 1022 singularem
500 931 574 998 eiua
599 931 807 1017 corpusculi
819 929 1001 995 monstrata

16 1067 100 1130 tibus.
155 1055 333 1144 Caplnla'
322 1076 391 1118 ram
415 1051 586 1127 destituta,
625 1053 741 1116 [iccata
769 1066 802 1115 et
824 1050 1005 1136 inaquam

19 1185 145 1266 deuteria
169 1177 276 1245 lens
265 1199 303 1240 ιιι
326 1174 399 1264 tria
416 1172 532 1240 dirfilit
564 1187 623 1235 aut
655 1187 799 1276 quatuor
828 1167 1003 1255 triangula.
1065 1189 1067 1198 ¹

19 1309 128 1370 Recens
148 1316 259 1366 autem
278 1301 367 1381 aquit
402 1306 568 1356 macerata
599 1305 633 1355 et
664 1269 759 1354 acido
788 1287 871 1352 nitri
895 1287 1005 1354 diluto
1051 1370 1054 1378 ¹
1089 1285 1090 1290 ’

20 1424 245 1509 impraegnata,
285 1431 344 1480 aut
366 1413 517 1478 alcohole
543 1407 701 1474 [ervata'
691 1431 729 1470 ιιι
755 1406 895 1472 laminae
916 1423 1009 1480 octor
1166 1484 1168 1492 y

20 1563 67 1606 nas
81 1543 145 1606 lere
168 1540 255 1627 polis
277 1547 533 1619 converguntee,
566 1534 778 1617 squamarum
793 1525 1011 1630 cepacearuna

21 1683 100 1724 more
131 1651 189 1724 fibi
221 1655 423 1744 impositae
420 1651 552 1737 diuidit.
595 1647 765 1715 Fi·brillie
781 1669 840 1710 eae
866 1647 1013 1712 laminae

23 1777 191 1867 iunguntur
217 1787 256 1845 'et
278 1777 384 1864 ipsae,
420 1769 649 1858 maceratione
670 1765 882 1841 continuata,
917 1746 1013 1830 infi-

23 1900 175 1964 brillosum
197 1914 331 1966 textum
354 1891 538 1959 solvuntun
583 1893 631 1954 Ea
656 1887 881 1953 maceratione
907 1903 941 1950 et
966 1886 1015 1972 ip·

25 2021 51 2083 le
66 1991 192 2086 tandem
215 2013 391 2106 nucleus
380 2037 417 2076 ιιι
433 2010 575 2076 laminae
599 2007 719 2073 limilea
744 2005 915 2070 fibrillosas
938 2005 1016 2069 abit.

23 2111 220 2206 Fibrillarum
240 2135 392 2208 {directio
421 2129 459 2234 in
483 2128 658 2216 posteriori
686 2125 856 2236 segmento
891 2141 1020 2189 contra-

11 2259 68 2322 ¹ria
88 2261 173 2326 'est'‘
150 2285 207 2336 ne,
253 2278 339 2344 quae
367 2227 516 2328 anterius
546 2240 710 2314 continet
768 2242 933 2312 Omnium
964 2267 1021 2310 an

27 2391 88 2442 tem
120 2382 328 2447 lamellarum
363 2376 490 2438 lentem
522 2372 707 2432 humanam
746 2365 1023 2432 constituentium

31 2520 194 2566 numerum
229 2500 272 2564 ad
304 2488 537 2558 incredibilem
571 2486 622 2550 bis
655 2463 803 2551 millium
837 2487 1025 2554 Leeuwen·

33 2617 158 2683 boeltiue
190 2616 322 2689 statuit,
366 2608 425 2696 qui
457 2606 529 2690 post
564 2607 651 2668 Petr.
689 2606 869 2668 Castellum
895 2621 929 2669 et
956 2609 1026 2670 Ste.

37 2737 167 2804 nonium
198 2744 292 2816 ¹hauc
320 2727 481 2796 fabricam
513 2725 626 2788 sedulo
661 2721 840 2809 indagavit.
901 2724 1029 2788 Confir-

36 2876 159 2924 rnarunt
189 2855 343 2925 eaindem
372 2847 480 2912 nostra
510 2857 615 2909 aetate
652 2839 851 2926 praeprimis
888 2843 925 2906 in
954 2845 1035 2905 bru-¹

40 2988 147 3044 torum
174 2971 375 3043 animalium
412 2962 575 3042 lentibus,
618 2959 777 3052 radiatim
807 2941 1032 3047 utplurimum

41 3097 283 3168 diestllentibuh¹
321 3083 493 3172 Youngiue
517 3097 551 3145 et
574 3079 711 3146 Reilius.
765 3081 837 3146 Nec
860 3095 974 3158 tamen
998 3079 1034 3142 sr-

39 3239 76 3280 ne
107 3213 323 3284 contentione
362 3207 415 3272 est.
474 3200 656 3289 Quaeritur
688 3199 799 3276 enim,
824 3221 882 3264 *ea
911 3196 1037 3264 fabric-a

41 3335 179 3400 alcohole
202 3349 239 3397 et
260 3329 362 3396 acidis
383 3325 640 3411 repraesentata,
670 3318 873 3386 naturalisne
890 3318 955 3381 stt?
985 3322 1037 3380 De

42 3473 101 3537 quo
125 3452 265 3542 ambigit
289 3452 376 3514 inter
395 3447 476 3510 alios
502 3439 815 3528 Sbnarnerringiuas
835 3460 917 3504 cum
933 3434 1039 3502 etalii

31 3573 192 3643 bumoree
225 3568 418 3635 fibrillolam
452 3579 519 3632 aut,
539 3551 699 3626 radiatam
733 3557 912 3624 exhibeant
943 3553 1041 3618 fabri·

43 3713 112 3756 cam
134 3692 295 3781 [imilibuo
321 3682 494 3750 menstruis
521 3679 674 3756 tractati,
693 3711 699 3724 =
720 3697 874 3762 cumque
888 3689 958 3740 tota
974 3675 1043 3738 len·

45 3809 85 3876 tia
109 3792 214 3878 molet
238 3830 279 3918 eo
299 3805 401 3878 modo
422 3815 599 3870 mutetur„
634 3829 637 3834 ·
