2536 4770
43 509 129 588 ctu.
153 507 234 588 vn.
287 508 360 587 oe
378 507 591 638 ‘ottone
615 507 836 641 sumtu·
891 532 992 617 ως,

21 699 80 744 uem
103 678 214 744 caloris
234 677 365 744 minui:
394 681 485 744 unde
507 681 628 746 omnia
647 703 685 747 ea
704 681 864 748 'animalia
886 686 967 776 cali·
992 699 995 712 '

21 801 73 862 liora
93 799 176 873 fieri,
203 801 297 886 [quae
326 801 412 865 bene
439 799 649 884 ‘nutpiantuu
703 803 799 888 Quae
830 800 970 890 qiridem
1068 795 1071 802 ’

21 919 94 1002 >pinio
120 919 197 984 licet
230 913 266 982 et'
297 921 406 985 nostra
437 919 591 1008 suffragia
628 921 751 986 mereri
790 919 972 1010 quadante-

21 1039 232 1114 tuendorun,
274 1038 473 1127 neutiquam
495 1056 607 1105 tamen
631 1039 755 1105 sufficit
783 1043 825 1105 ad
849 1064 968 1132 aequa·

21 1157 134 1222 uilitatem
167 1175 200 1224 et
227 1157 442 1224 altitudinem
474 1158 592 1240 caloris
626 1159 768 1229 humani
800 1183 968 1248 exponatu

21 1277 58 1340 lu.
103 1279 272 1366 Siquidem
298 1295 333 1344 et
364 1277 496 1364 digestio
529 1295 563 1344 et
593 1279 737 1344 nutritio
768 1278 967 1345 animalium

21 1393 183 1480 frigidorum,
222 1387 492 1484 amphibiorum,
530 1397 674 1484 piscium
701 1415 736 1463 et
763 1401 968 1465 insectorum

21 1517 88 1579 nulto
106 1517 247 1608 vegetior
272 1519 319 1581 est
338 1512 503 1583 humana:
528 1520 617 1583 calor
642 1519 744 1582 etiem
760 1517 884 1583 febrilis
900 1520 970 1586 fine

21 1635 79 1695 unni
96 1620 284 1722 digestione,
314 1639 407 1724 saepe
435 1637 535 1700 etiam
563 1639 603 1700 ab
627 1637 793 1701 infirmata
815 1661 853 1703 ac
873 1637 969 1724 peni-

21 1763 51 1813 tus
68 1759 247 1838 pessumdata
276 1755 465 1821 nutritione
487 1742 610 1820 oritur.
662 1757 705 1819 Et
729 1755 765 1819 in
788 1756 856 1844 ipsa
880 1757 970 1844 dige-

21 1869 90 1988 pione
109 1877 290 1966 frigidiores
313 1875 531 1962 nosmetipsos
557 1873 736 1950 sentimus,
776 1899 877 1966 quam
903 1877 970 1946 alio
1058 1947 1065 1966 ι

21 1997 135 2082 stupore.

21 2099 23 2106 ,
78 2115 285 2187 Crediderunt
312 2121 412 2186 etiam
435 2119 611 2197 nonnulli,
647 2123 795 2208 corporis
818 2105 975 2188 animalii

24 2229 79 2308 vim,
107 2243 194 2305 aestui
219 2240 566 2326 externoresrstendi,
610 2242 777 2329 originem
807 2245 928 2306 ducere
953 2265 972 2306 e

26 2355 227 2451 perspiratione,
277 2362 368 2450 quod
401 2362 541 2427 omniuo
573 2366 734 2428 hactenus
766 2383 885 2426 verum
917 2362 971 2436 est,
1013 2388 1017 2397 ¹

26 2489 141 2552 quatenus
157 2483 320 2557 multum,
349 2479 386 2546 ni
409 2481 611 2568 plurimum,
636 2482 797 2547 continua
815 2483 973 2568 perspira-

22 2583 55 2678 tio
76 2597 107 2656 ad
138 2601 381 2668 eliminandum
414 2602 545 2665 confert
579 2604 786 2686 superfluum
818 2603 972 2692 calorem.

26 2703 187 2785 luctamen
219 2741 254 2788 et
286 2726 371 2787 haec
402 2721 469 2784 sola
492 2720 623 2782 functio
644 2703 786 2796 suflicit,
824 2705 972 2808 duando·
1042 2741 1045 2749 ’
1075 2811 1077 2816 ,

27 2827 123 2906 quidem
147 2837 280 2929 inipso
310 2841 399 2906 aestu
424 2852 560 2902 externo
586 2839 850 2924 praecipitantur
874 2831 981 2924 vapo-v

26 2959 59 3005 res
77 2967 101 3012 et
124 2967 171 3020 aer
192 2975 351 3026 externus
380 2977 499 3043 corpus
524 2959 713 3020 humanum
735 2955 884 3022 ambiens
905 2977 977 3042 per·

28 3058 62 3121 dit
80 3071 173 3141 caloris
196 3079 326 3165 aliquot
348 3081 466 3165 gradus
495 3080 542 3160 (ᾗ.
571 3081 678 3159 299.):
707 3068 977 3160 unde‘perspira·

29 3175 120 3249 sionem
137 3195 222 3260 haud
243 3199 341 3260 valde
363 3215 494 3262 auctam
511 3196 614 3260 ‘fuisse
636 3218 697 3281 per
717 3195 750 3259 se
775 3193 893 3258 elucet.
938 3195 982 3258 Et
1014 3187 1020 3200 ’

30 3291 73 3376 ipse
95 3291 262 3396 Fordy'cius
293 3317 381 3380 vidit
408 3316 447 3380 in
474 3316 593 3380 balneo
624 3315 800 3398 vaporatio
833 3325 982 3394 :1300
1014 3359 1016 3366 ·

30 3415 91 3485 Fur.
118 3437 256 3514 guttulas
286 3459 450 3522 vaporum
480 3455 599 3521 corpus
629 3435 727 3498 suum
757 3431 892 3520 irrigare
927 3453 1007 3500 eon

33 3533 80 3602 ism
95 3553 203 3628 modo,
235 3577 304 3642 quo
327 3554 444 3642 lagena
470 3554 579 3620 vitrea·
600 3552 642 3619 iis
667 3550 866 3627 obducitur,
898 3573 984 3640 quae

34 3647 132 3729 luilem
153 3675 251 3740 habet
280 3675 428 3760 eorporis
452 3673 594 3740 humani
621 3671 828 3759 temperiem.
882 3675 992 3737 Deni-

34 3788 74 3850 lue
93 3801 122 3846 et
145 3793 206 3858 luc
237 3793 440 3882 expositione
473 3791 524 3856 uti
556 3813 627 3854 non
650 3793 825 3876 possumua'
844 3794 887 3856 ed
911 3791 984 3860 vim

36 3904 141 3978 t⁰¹l³0rie
165 3912 278 4002 frigori
302 3914 500 3984 refistentem
522 3911 765 3976 declarandam.
