2536 4770
263 403 378 530 ore.
404 451 481 576 vt*
520 452 593 530 ur
617 451 955 534 sternuente
1055 473 1109 564 95

122 676 128 704 .
356 637 358 642 ·
529 667 533 693 .
568 639 641 706 293·

154 747 232 816 Ex
261 745 320 810 bis
341 725 555 837 vero‘'eolligi
575 725 696 830 potest,
719 738 901 814 'elementa
926 769 985 824 ea,
1024 769 1110 834 quae

47 869 177 936 urina·
204 863 384 955 largitur,
413 863 594 928 absolutam
612 863 781 950 requirere
797 865 950 932 animalis
967 869 1111 934 substan·

47 992 129 1054 tiae
164 983 435 1056 secretionem,
473 1003 578 1066 eaque
599 977 678 1046 talia
704 983 787 1060 else,
820 1007 905 1070 quae
927 975 1111 1076 aegerrime

50 1111 213 1174 iterum
257 1103 300 1166 in
326 1103 462 1188 massam
488 1103 671 1172 humorum
695 1101 800 1188 recipi
825 1105 946 1191 possrnt
968 1123 1002 1169 et
1031 1105 1110 1170 adst·

53 1226 248 1294 milari.
245 1220 368 1286 Hine
388 1223 462 1285 rasa
486 1221 688 1308 lymphatica
712 1223 870 1318 pauciora
893 1226 1019 1290 veficae
1041 1197 1109 1290 irri-
1188 1227 1193 1236 '

61 1348 195 1414 neriae
230 1339 410 1428 impertiit
438 1357 574 1407 natura:
613 1362 678 1406 nec
702 1341 783 1406 latet
804 1342 945 1432 insignis
967 1343 1039 1410 eius
1063 1345 1109 1408 se·
1172 1367 1179 1396 r

55 1463 261 1540 cretionis
285 1450 433 1536 utilitas,
466 1481 551 1546 quae
577 1459 616 1524 in
638 1459 851 1528 eliminandis
872 1445 982 1530 noxiis
1008 1463 1109 1550 parti·

51 1589 158 1656 culis
191 1577 380 1648 versatur
424 1579 549 1646 Noxias
579 1601 631 1644 eas
660 1581 741 1656 else,
776 1601 855 1646 cum
877 1581 1110 1667 perfectiffima

53 1701 245 1774 animali
275 1689 460 1786 digestione
492 1699 675 1784 productae
707 1677 788 1774 snrt,
822 1701 875 1764 vel
906 1701 985 1764 inde
1007 1713 1108 1783 patet,

1 1790 9 1812 ὓ
53 1829 175 1918 quod
198 1846 223 1891 a
247 1834 381 1885 retenta
406 1815 533 1882 diutius
559 1816 656 1885 urina
684 1820 867 1903 pessimae
860 1818 985 1884 uirium
1001 1815 1109 1880 inten-

51 1951 198 2015 tiones
211 1989 240 2018 ,,
252 1941 365 2006 febres
381 1937 511 2002 validae
534 1959 573 2002 ac
589 1938 794 2024 perniciosae
820 1937 899 2004 oriri
917 1937 1005 2002 visae
1030 1938 1110 2015 fint;
1196 1963 1197 1971 ¹

52 2069 175 2160 quod
213 2063 261 2126 in
294 2057 458 2134 febribus,
482 2057 713 2144 cuiuscunque
735 2057 863 2147 generis
885 2057 966 2133 lint,
987 2057 1114 2124 lotium

54 2189 177 2254 urica
220 2176 409 2246 substantia
434 2199 616 2265 praegnans
650 2197 688 2242 ac
712 2180 791 2244 tates
815 2177 1053 2265 phosphoricos
1077 2192 1112 2244 et

56 2309 201 2376 uricos
238 2301 436 2383 deponens,
466 2299 592 2366 salubre
613 2299 674 2362 elle
702 2302 910 2380 consuescat;
942 2300 1033 2386 quod
1056 2299 1113 2378 dtr·⁸

57 2431 192 2518 nique
233 2435 317 2487 ante
343 2416 495 2502 quemvis
518 2421 674 2485 morbum
697 2419 834 2486 retineri
856 2419 954 2486 urina
974 2440 1013 2484 ae
1036 2419 1110 2505 sup·

57 2545 212 2662 primi
224 2539 358 2606 soleat.
664 2607 667 2610 ,

173 2635 518 2751 Quandoquidem
507 2649 546 2730 rn
562 2621 707 2726 infantili
723 2683 860 2750 corpore
876 2660 903 2724 ir
894 2661 1000 2742 'sales
1005 2627 1110 2746 phos·

60 2779 238 2879 phorici
274 2777 318 2840 ad
352 2779 472 2846 ossium
495 2779 731 2851 formationem
758 2779 978 2855 adhibentur,
1017 2779 1115 2843 haud

61 2923 182 2974 tanta
214 2893 342 2964 eorum
360 2898 571 2964 abunduntia-
593 2891 753 2985 superest,
787 2919 872 2984 quse
892 2920 952 2981 per
975 2898 1111 2960 urinam
1171 2917 1175 2938 ¹¹

65 3021 273 3116 egerenda
294 3019 390 3082 esset:
414 3041 524 3104 neque
551 3018 589 3084 in
612 3021 729 3088 morbo
752 3015 936 3089 articulari,
959 3013 1111 3094 ubi'ossr·

64 3151 151 3214 bus
180 3134 372 3206 advehitur
398 3137 514 3226 ingens
545 3161 662 3204 eorum
684 3139 803 3224 salium
819 3130 933 3222 eopia.
979 3136 1044 3200 Sed
1062 3132 1112 3197 in·

65 3265 225 3332 uidem
238 3249 408 3333 efficitur,
438 3273 601 3345 quantum
622 3261 778 3344 praebere
803 3260 901 3322 usum
922 3254 1022 3348 urina
1040 3246 1112 3340 pos·

67 3389 120 3468 fit
132 3427 148 3459 ,
199 3395 247 3442 ut
273 3375 346 3442 aliis
373 3377 617 3442 excretionibus
649 3376 882 3442 deficientibus
909 3377 1110 3462 suppleatur.

70 3495 276 3596 Quamvis
304 3495 396 3560 enim
416 3495 594 3582 peculiaris
619 3496 736 3563 urinae
761 3495 934 3561 substantia
957 3493 1111 3582 egeritur,

72 3633 327 3710 nequaquam
350 3621 520 3700 tantopere
544 3615 653 3679 aliena
672 3617 734 3689 est,
757 3615 841 3704 quin
856 3605 900 3678 'in
915 3603 948 3678 se
965 3601 1112 3700 recipere
1172 3611 1179 3622 ’

72 3743 254 3814 siliarum
278 3724 518 3820 particularum
540 3738 705 3821 elementa
729 3751 787 3798 aut
811 3734 850 3798 in
874 3755 929 3797 eos
955 3717 1113 3798 humores

74 3853 325 3936 transmutari
364 3856 470 3942 possit
530 3856 673 3926 Ratione
704 3851 797 3935 enirn
831 3850 954 3921 azotici
984 3866 1113 3916 mutata
1173 3929 1175 3933 ¹
