2440 4764
153 385 157 394 ’
217 321 326 451 cur.
348 373 398 451 v.
438 372 513 449 nu
539 370 751 452 runnu.
912 312 1000 470 4252

20 550 81 613 ecel
68 547 160 611 ffib'm
195 515 381 608 nonnullis
402 558 436 604 et
462 539 629 608 colliculis
662 541 800 630 infignis
837 545 881 612 est
909 549 992 614 haee

20 664 244 753 ars.Quotls1
271 661 481 749 aequabilem
502 683 629 725 conum
650 678 785 726 externa
804 664 893 730 auris
915 689 993 738 eon-

19 791 151 860 timeret,
188 801 228 848 ut
253 785 291 848 in
316 782 425 848 bestiis
451 783 658 869 nonnullis,
684 751 792 846 nimia
812 783 898 850 forte
921 785 1005 851 loni

19 905 148 969 iolentia
169 901 249 966 inde
272 901 434 979 oriretur,
473 903 530 972 [ed
555 900 722 990 frangitur
748 917 782 966 et
804 879 1009 969 nioderatur·

18 1024 156 1088 lnthelice
181 1023 269 1112 potis
255 1022 416 1086 ΓΓιιιιιιιιι
405 1045 443 1086 1n
467 1021 625 1098 homine,
665 1022 793 1108 capillis
822 1006 925 1088 etiam
958 1027 996 1091 in
1094 1032 1096 1044 '

18 1145 166 1208 ›estlarum
189 1141 318 1218 conicio
339 1142 513 1207 auriculisr
549 1141 707 1229 dirigitur
734 1145 833 1207 sonus
856 1143 893 1206 in
910 1168 996 1210 mea·
1023 1183 1027 1203 1

17 1281 70 1326 um
104 1261 310 1328 auditorium
350 1279 425 1324 tum
461 1285 524 1348 ope
556 1265 785 1328 musculorum
819 1264 997 1343 auriculae,
1026 1343 1029 1353 y

17 1407 71 1446 um
96 1407 174 1448 vero
200 1380 350 1455 colliculi
375 1383 458 1467 trapi
482 1395 520 1450 et
540 1381 696 1469 antitragi
721 1399 754 1447 et
779 1384 858 1469 ipsa·
878 1385 1023 1462 helicis,
1081 1449 1091 1468 ,ι
1132 1397 1136 1411 “
1179 1371 1181 1379 ⁴

16 1501 96 1588 spina.
142 1506 214 1566 Una
239 1519 319 1564 oum
343 1505 471 1566 concha
493 1516 527 1564 et
549 1499 699 1565 auricula
713 1517 849 1567 externa
870 1519 1029 1597 meatus*
1074 1493 1076 1502 ¹

15 1622 181 1688 tuditanus
205 1623 332 1686 tubam
365 1621 441 1686 [istit
469 1618 661 1693 acusticam,
698 1621 806 1686 multo
840 1627 1000 1710 angustio·

15 1763 71 1804 rem
103 1721 266 1817 introitu,
312 1764 377 1811 nec
412 1755 555 1815 rectam,
594 1742 650 1807 sed
673 1737 813 1842 lraqtam
844 1745 935 1827 quafi
950 1745 1002 1810 ¹ac
1050 1761 1053 1774 '
1084 1805 1087 1816 s

14 1861 191 1940 flexuosam,
233 1879 274 1926 ut
300 1863 402 1932 etiam
428 1865 492 1926 hac
515 1857 724 1926 institutione
753 1861 1003 1930 loni'fortioree

14 1980 193 2070 mitigentur
218 1991 255 2046 'et
284 1982 522 2069 infringantur.
575 1983 721 2044 Externa
754 1981 843 2046 auris
870 1983 1002 2057 resecta,

13 2103 150 2170 homines
178 2106 290 2169 multo
324 2101 438 2166 minus
468 2099 614 2165 audiunt
641 2115 676 2164 et
704 2082 903 2186 perpetuum
935 2104 1004 2166 fere

13 2221 166 2288 susurrum
198 2217 372 2312 percipere
408 2223 585 2312 dicuntur:
633 2199 725 2286 unde
755 2219 857 2284 etiam
891 2201 1028 2287 ιιιιιίιιιιιΙ

13 2340 206 2432 pisciumque
234 2346 333 2430 longe
350 2342 413 2406 alia
438 2343 571 2410 auditus
587 2342 672 2408 ratio
689 2343 749 2407 elle
764 2342 878 2418 debet,
911 2343 1006 2430 quip-

14 2483 48 2544 pe
72 2431 188 2551 quibus
215 2463 305 2528 auris
325 2434 460 2526 externa
480 2462 603 2526 delicit.

88 2583 229 2652 Collecti
254 2591 367 2654 aulem
391 2579 464 2645 soni
491 2581 626 2667 oblique
653 2582 876 2646 ferunturssin
904 2605 1007 2647 meru-
1070 2657 1081 2670 ἱ

15 2703 140 2772 branam
163 2701 316 2790 tympani
336 2701 557 2786 praetensam,
597 2722 705 2784 quae,
732 2702 833 2766 ¹uelut
866 2703 1011 2766 orbiculi

15 2823 247 2896 Chladeniani,
286 2820 382 2886 vario
421 2819 523 2883 modo
554 2818 648 2882 tendi
677 2835 710 2884 et
736 2820 899 2908 percelli
894 2823 1011 2898 debet,
1104 2835 1107 2860 ¹

18 2957 64 3018 ut,
102 2963 203 3036 prout
228 2948 293 3009 hac
322 2941 389 3006 vel
409 2939 487 3004 illae
519 2939 661 3008 musculi
687 2961 761 3006 eam
793 2941 925 3003 trahant
955 2949 1016 3004 aut

18 3061 135 3140 laxent,
162 3065 256 3130 vario
274 3063 376 3127 modo
390 3057 613 3128 concutiatur.
657 3065 696 3124 In
711 3061 894 3128 umbonem
909 3084 1012 3124 mem-

17 3181 129 3251 branae
155 3185 337 3274 introrsum
361 3201 568 3253 convexum,
603 3195 764 3268 tanquam
789 3179 826 3244 in
853 3203 888 3246 or
915 3184 1013 3246 tubae
1049 3261 1051 3266 Ι

18 3306 168 3370 acullicae
199 3323 314 3370 omnes
348 3301 595 3387 propemodum
623 3323 641 3364 a
672 3301 867 3389 parietibus¹
888 3318 1017 3367 meatus

17 3424 123 3488 reflexi
148 3421 236 3486 radii
267 3420 463 3508 impingunt
490 3422 536 3508 (ll.
570 3430 646 3503 445.
674 3425 751 3503 446.
778 3427 883 3504 457),
924 3424 1016 3485 unde

15 3541 216 3608 concentrati
238 3555 397 3608 tremores
427 3539 554 3626 optime
585 3561 645 3626 per
677 3543 764 3604 hanc
789 3545 1019 3608 membranam

17 3664 217 3744 praetensum
240 3673 480 3745 propagantur..
517 3661 629 3744 Rupta
659 3681 697 3722 ea
719 3664 930 3734 membrana,
960 3673 1019 3721 aut

19 3781 183 3862 abstruetq
202 3776 412 3875 acerumine
433 3790 557 3852 meatu,
589 3777 729 3849 auditus,
743 3781 919 3876 aboletur„
940 3777 1021 3842 licet
