2462 4766
216 437 293 543 276
369 438 460 518 ιιι.
486 439 536 514 ιι·
586 437 660 513 oa
686 438 808 524 vtm
835 431 1109 554 sensurae·

219 615 355 677 brorum
380 589 624 722 lassitudinem,
659 609 782 672 mentis
804 603 1083 698 defatigationem
1093 627 1125 676 et
1145 619 1217 708 per
1216 659 1217 686 t

219 729 464 802 turbationem
462 747 536 792 earn
553 701 784 803 consuescunt,
812 746 852 792 ut
878 729 1070 802 infantibus
1093 733 1217 798 somno

218 849 323 918 sentia
345 849 441 913 fletus
468 863 601 921 moveat
624 861 657 911 et
682 849 787 911 adulti
808 847 845 912 id
864 848 1092 934 vilipendant,
1130 854 1200 938 quod

136 978 138 990 '
216 967 332 1057 magni
354 969 462 1042 facere
484 967 639 1032 solebant.
695 953 903 1030 Turbulenta
927 967 1029 1034 etiam
1054 973 1098 1037 est
1118 989 1147 1036 et
1166 973 1200 1035 ti-

214 1090 301 1165 ¹tiosa
322 1090 476 1160 sensuum
499 1101 708 1158 externorum
735 1073 882 1150 functio:
921 1105 1011 1152 recte
1033 1113 1102 1154 non
1119 1093 1218 1174 ridet]

215 1178 329 1295 ¹ireque
346 1205 452 1292 audit
483 1203 741 1282 somniculosus,
789 1205 873 1292 quin
900 1207 1002 1272 etiam
1024 1211 1134 1298 suavia
1159 1197 1218 1276 oli¹

213 1351 334 1414 uepcre
359 1323 475 1392 deliria
499 1327 614 1400 solent
644 1327 750 1394 ,Cum
763 1327 802 1388 e.
827 1349 856 1410 g.
881 1327 1109 1402 somnolentus
1133 1333 1199 1416 lege·

217 1449 263 1512 rit
271 1481 288 1523 ,·
319 1448 428 1532 longc-
447 1445 510 1511 alia
534 1444 595 1530 ipsr
611 1449 662 1538 ,ob
687 1446 802 1519 oculos
827 1446 998 1508 versantur
1019 1462 1054 1510 et
1073 1467 1198 1514 mentem

130 1545 131 1550 ἵ
217 1571 378 1670 subcunt-3
406 1563 666 1654 cogitationum,
684 1563 780 1636 series
806 1563 1023 1656 intercipitur
1050 1583 1083 1631 et
1110 1572 1198 1634 turba·

213 1705 272 1754 tur
302 1689 482 1760 haetenus,
534 1701 574 1748 ut
596 1707 674 1750 vera
702 1682 868 1746 insomnia
900 1682 1076 1750 eiusmodi
1099 1687 1197 1752 dixeris

214 1809 393 1877 adfectus„
418 1805 590 1870 Exhauffia
606 1805 710 1869 ‘enim
736 1787 893 1870 sensuum
912 1801 1058 1882 viribus,
1096 1807 1197 1882 consci-

214 1927 306 1992 entia
329 1927 501 1998 aboletur,
543 1923 786 1992 continuantur
820 1937 934 1988 autem
973 1924 1126 1992 internae
1155 1949 1196 2012 po·

213 2047 283 2144 tius
306 2042 538 2139 adsociationip
556 2043 666 2128 legem
682 2043 882 2128 sequuturae
907 2041 1004 2109 series
1038 2046 1196 2132 perceptio·

214 2189 310 2233 num.
355 2163 449 2230 Visus
464 2159 597 2232 functio
616 2160 683 2226 fere
701 2157 857 2246 primitur
873 2163 1109 2242 labefactatur,
1137 2187 1195 2232 cum

201 2291 299 2367 „naec
324 2281 498 2348 arctissime
522 2280 677 2374 omnium
698 2303 778 2346 cunr
801 2293 915 2356 mente
937 2287 1129 2352 cohaereat:
1157 2309 1195 2350 au·

132 2443 136 2452 ·
213 2408 304 2474 ditus
331 2400 461 2486 saepius
494 2417 654 2468 etractus
677 2399 831 2487 inprimis
855 2399 986 2468 diutius
1002 2405 1176 2492 superest
1169 2425 1195 2468 ιιι

212 2527 293 2601 iis,
311 2547 372 2612 qur
361 2519 525 2585 'semet
514 2543 552 2584 ιιι
569 2523 725 2589 somnum
742 2541 952 2607 receperunt.
998 2528 1089 2591 Cum
1104 2541 1194 2591 tamen

212 2642 415 2712 conscientia
440 2641 538 2716 defit,
578 2657 611 2708 et
634 2643 758 2706 horum
779 2643 936 2708 sensuum
967 2611 1128 2732 impulsus
1153 2643 1194 2708 ali·

212 2789 290 2833 enar
307 2766 413 2851 plane
435 2779 469 2828 et
490 2763 582 2827 haud
605 2762 744 2828 idoneas
769 2762 929 2828 suscitant
956 2765 1192 2852 perceptionum

212 2903 247 2955 et
266 2883 511 2974 cogitationum
528 2881 644 2948 series:
662 2881 773 2948 *audit
788 2881 948 2968 quidem,
985 2883 1046 2969 qui
1072 2884 1108 2948 in
1126 2887 1191 2949 som·

210 3005 400 3084 riumivit,
438 3005 580 3090 fingulao
604 2999 901 3067 sermocinantium
920 3023 1036 3079 voces,
1075 3007 1129 3070 sed
1148 3001 1191 3068 ali·

162 3134 168 3143 '
210 3143 262 3192 ter
281 3146 334 3191 eas
357 3121 482 3210 iungit,
520 3143 624 3187 novar
652 3115 761 3196 addit,
797 3141 837 3186 ex
858 3121 990 3186 interna
1019 3121 1190 3188 adsociatio

204 3267 269 3319 ne,
318 3240 425 3335 eoqrie
459 3245 561 3307 modo
594 3239 771 3338 tandem
761 3263 799 3306 ιιι
824 3233 995 3327 placidam
1028 3246 1079 3310 sui
1107 3242 1190 3330 ipfiua

205 3345 421 3432 oblivionem
436 3361 608 3428 traditur.

180 3464 183 3470 ¹
294 3487 526 3550 Membrorum
551 3481 731 3568 totiusque¹
750 3485 1043 3572 corporis'posrtur
1068 3501 1188 3572 quomo·

200 3608 249 3670 'do
272 3585 440 3679 mutetur,
471 3602 508 3666 in
529 3602 656 3688 vulgus·
671 3599 879 3670 notissimum
896 3595 959 3670 ⁸est.
1007 3601 1186 3671 Museuliiu

203 3723 327 3812 vigiliis
351 3725 432 3790 tenfi
456 3723 672 3796 flaccescunt,
703 3723 1026 3810 voluntati'amplius
1054 3725 1139 3790 haud
1159 3739 1185 3782 o·

165 3919 168 3928 ‚
200 3845 361 3922 bediunt;
396 3845 628 3932 palpebrarum
643 3841 711 3908 sere
729 3841 878 3926 primum
895 3847 986 3915 casus
1003 3845 1180 3912 observatur.
1220 3891 1222 3940 5

689 3959 695 3972 .
1220 3949 1222 3974 t
