2462 4766
206 342 288 422 na
369 331 461 408 ua.
485 328 535 402 u.
575 327 650 404 Da
670 327 794 406 vna
818 301 1088 428 sensuras.

33 501 35 508 '
134 536 136 544 ,
208 502 339 568 andum
369 499 431 564 ast:
478 513 513 562 et
541 497 626 560 haec
654 491 812 560 animalia
840 500 1009 562 mundum
1043 517 1186 566 externum

207 622 348 695 sentire,
384 621 517 694 lucem,
564 619 668 682 odora
694 637 853 702 corpora,
899 619 1049 707 aerisque
1081 623 1186 685 sonoras

205 739 438 816 motiraaiones
474 736 666 824 percipere,
710 739 803 824 quod
844 737 982 804 'diffusae
1013 764 1072 826 per
1101 757 1186 805 totum

173 907 175 914 ι
205 883 330 946 corpus
359 881 502 924 nerveae
531 857 668 924 cuidam
690 860 813 944 pulpae
844 858 951 922 tribui
965 862 1090 946 {possets
1123 883 1186 946 quae

206 978 542 1068 haudpeculiaribus
559 979 732 1064 complexa
750 977 879 1056 nerveis
898 978 1078 1054 fasciculis,
1107 981 1187 1044 anul-

98 1121 102 1134 ¹
185 1079 240 1168 'lo
263 1076 406 1194 cerebro'
426 1115 485 1164 aut
505 1097 639 1184 ganglio
663 1096 863 1171 secernitur,
886 1068 1015 1184 'neque
1039 1117 1187 1180 tamense

207 1223 322 1288 n'rinus
363 1202 475 1283 ossacia
515 1241 571 1292 ea,
609 1217 698 1286 -licet
717 1246 721 1254 =
737 1215 864 1280 minori
898 1220 1022 1304 gradu,
1065 1192 1185 1306 praestat,

206 1363 294 1429 quae
319 1337 508 1404 asormatis
528 1337 662 1424 organis
684 1339 841 1404 [eduum
866 1341 1010 1408 extemis
1036 1343 1186 1434 exspectari

130 1495 142 1506 ν
205 1463 341 1551 possunt
359 1463 402 1546 (9.
433 1481 480 1524 ro.
505 1459 558 1525 60.
583 1459 665 1544 aa).

615 1741 621 1752 ·
668 1713 745 1784 403.

292 1827 385 1890 Haec
409 1841 524 1888 tamen
550 1821 662 1908 paullo
689 1819 934 1910 intelligentius
950 1825 1029 1890 sunt
1052 1825 1187 1911 explican-

152 1945 159 1968 ⁸
204 1949 257 2014 ria.
303 1941 462 2028 Hominis
487 1941 696 2030 principatus
716 1945 980 2032 haudquaquam
1002 1947 1042 2011 in
1056 1943 1118 2012 sola
1135 1967 1187 2031 per-

204 2067 343 2134 fectiore
375 2085 494 2128 eorum
515 2064 988 2159 organorumsmachinatione
1007 2067 1189 2156 quaerendus

204 2189 264 2262 ost,
303 2185 467 2270 saquidem
488 2181 525 2244 in
550 2181 685 2268 singulis
709 2183 910 2251 animalibus
932 2211 1023 2254 unus
1050 2204 1107 2252 aut
1128 2189 1188 2250 alter

202 2309 314 2378 sensus
342 2317 495 2366 externus
521 2303 658 2382 acutior,
675 2303 718 2368 est
746 2319 780 2368 et
803 2328 953 2394 organon
976 2274 1087 2394 ipsum
1111 2306 1186 2372 etiarn

202 2421 349 2510 amplius
363 2437 422 2484 aut
438 2445 543 2508 aeque
557 2425 746 2508 perfectum
762 2447 800 2490 ac
816 2427 854 2489 in
871 2427 1022 2494 homine.
1067 2431 1105 2494 Id
1119 2448 1186 2514 prae·

200 2543 322 2634 primis
348 2545 389 2608 de
409 2543 534 2608 olfactu
555 2545 662 2618 valet,
699 2547 795 2618 cuius
815 2569 985 2634 organon,
1021 2519 1188 2612 membrana

201 2660 482 2738 Schneideriana,
528 2687 588 2750 per
620 2671 764 2731 conchas
793 2667 929 2734 narium
959 2670 1049 2736 miro
1086 2667 1187 2732 ambitu

99 2817 101 2828 ¹
201 2791 303 2854 flexas
328 2802 361 2850 et
385 2809 446 2872 per
468 2785 555 2848 sanus
578 2785 736 2852 frontalee
761 2787 917 2873 spatiosos
933 2787 975 2854 in
991 2789 1093 2854 variis
1107 2806 1186 2852 rnam-

199 2903 347 2976 airalibus
360 2907 537 2994 ingentem
556 2909 657 2971 habet
680 2885 938 3003 ampsitridinem
963 2911 1135 2996 sensusque
1155 2907 1187 2990 ip·

199 3033 234 3100 se
263 3031 303 3094 fit
329 3027 519 3094 acerrimus.
563 3029 708 3104 Audi-tus
724 3029 761 3091 in
779 3027 852 3093 aliis
869 3031 1102 3094 mammalibus
1118 3031 1187 3112 supe·

199 3169 253 3220 rat
278 3150 435 3236 prosecto-
461 3149 653 3212 facultatem
674 3147 824 3212 hominis
858 3121 1078 3214 auditorium:
1118 3139 1187 3209 vesti·

199 3249 323 3350 buluin
351 3269 454 3332 etiam
480 3267 696 3353 ampliueest
730 3281 762 3336 et
793 3269 924 3330 canales
952 3267 1186 3332 semicirculara

197 3388 377 3476 largiores,
416 3407 610 3472 nervosque
629 3385 699 3472 ipse
724 3387 762 3451 in
789 3390 874 3452 bove
898 3383 932 3454 ec
963 3389 1068 3452 scrosa
1092 3411 1109 3452 e
1132 3406 1187 3472 gan·

200 3510 271 3600 glio
297 3509 444 3572 rotundo
470 3508 587 3592 grandi
608 3506 764 3570 nascitur.
810 3507 904 3595 Quin
924 3510 1040 3572 oculus
1055 3509 1120 3595 ipse
1134 3525 1185 3591 per·

200 3627 322 3697 festior
346 3641 379 3689 et
402 3627 491 3692 visus
512 3626 599 3694 acies
621 3626 752 3704 acutior
784 3619 830 3694 'est
855 3627 1043 3716 iuraquila,
1080 3629 1187 3694 falcone

202 3767 241 3820 ec
260 3746 456 3820 hirundine,
1159 3753 1164 3760 '
