2536 4770
85 443 191 527 etr.
220 447 306 525 vn.
357 415 664 533 necatore
690 445 912 525 lutitant.
967 460 1041 549 105

114 621 237 706 Neque
270 616 380 706 lenfuq
408 617 528 682 caloris
561 639 640 682 cum
661 622 775 706 'gradu
807 621 1040 686 thermometri

45 741 155 826 ubique
177 737 348 822 congruit.
391 739 497 824 Vulgo
521 738 614 801 enim
636 739 811 822 querimur
834 739 912 804 fatis
937 741 1037 805 mole-

44 861 114 922 stum
136 856 297 929 aestum,·
326 855 351 919 fi
376 855 516 942 rapidus
541 859 585 922 est
611 867 666 920 aer
691 874 725 921 et
756 875 833 922 ante
869 860 1039 944 tempesta-

45 994 116 1051 tem,
152 973 237 1040 licet
260 975 548 1062 haudsingentem
571 977 785 1042 altitudinem
808 979 928 1042 habeat
951 981 1048 1080 thei]
1113 1023 1117 1028 -

46 1111 250 1172 mometrum;
272 1095 383 1186 multo
409 1096 529 1162 melius
555 1099 711 1167 duramus
734 1095 907 1182 impendio
931 1100 1058 1174 maios

48 1238 99 1277 rem
115 1215 257 1288 aestum
281 1213 423 1278 fificcus
441 1217 485 1278 est
502 1221 634 1282 etEuro
651 1225 707 1279 aer
720 1217 888 1300 perflatur.
922 1221 1034 1303 Quan-

52 1348 85 1396 tae
105 1349 216 1398 autem
241 1333 329 1400 fiant
354 1333 634 1400 hallucinationes
657 1335 695 1399 in
722 1335 888 1413 febribus,
925 1338 1033 1404 cuivis

49 1451 222 1528 innotescit,
257 1451 356 1528 cum,
402 1453 466 1538 qui
485 1433 690 1520 eitardef‘cere
712 1451 836 1519 vifcera
868 1459 1029 1545 queritur,
1063 1498 1067 1512 ι

48 1571 152 1654 saepius
173 1573 341 1659 temperie
365 1575 458 1636 baud
479 1570 527 1634 ita
554 1573 618 1634 alta
639 1571 747 1658 premi
770 1573 941 1653 vineatum
973 1577 1030 1640 fri-

49 1689 116 1773 goris
140 1691 241 1756 etiam
274 1689 491 1777 impatientia
522 1711 770 1775 nonnunquam
795 1717 875 1758 cum
902 1695 1028 1758 medio·

48 1809 85 1870 cri
105 1812 206 1876 calore
230 1826 409 1898 congruat.
454 1811 604 1896 Augetur
633 1812 774 1876 omnino
802 1816 891 1876 calor
918 1814 954 1876 i'n
985 1815 1028 1881 fe-

48 1927 139 1994 bribus
164 1946 196 1996 et
228 1929 571 2003 inflammationibus,
618 1952 831 2016 nequaquam
855 1955 933 1997 vero
957 1949 1031 1998 tam·-
1081 1937 1086 1942 ’

49 2061 158 2134 tepere,
204 2073 312 2138 quam
341 2053 442 2138 vulgo
474 2048 632 2115 creditur.
693 2045 857 2138 Namque
882 2057 1030 2118 Senacus

51 2166 157 2244 docuit,
180 2187 399 2236 externarum
414 2169 562 2256 partium
587 2171 730 2235 calorem
752 2173 789 2234 in
815 2175 962 2239 febribus
985 2175 1030 2238 ari
1052 2245 1057 2262 Ι

52 2305 111 2349 eum
130 2311 232 2377 neque
258 2292 401 2379 gradum
435 2288 566 2374 augeri,
610 2305 650 2353 ut
680 2289 850 2355 internam
879 2293 1027 2360 constan·

52 2416 103 2467 ten
130 2411 328 2496 temperiem
346 2424 497 2495 ,aequet3
548 2411 641 2473 unde
675 2413 770 2486 baud·
790 2389 880 2476 ultra
907 2413 1025 2477 decem

52 2525 146 2604 gradus
169 2529 353 2596 increscere
378 2543 507 2594 certum
532 2529 593 2594 eft:
632 2523 728 2619 quoti*
750 2533 816 2598 alio
847 2532 937 2604 loco'
953 2531 1029 2598 titt

53 2643 159 2724 gentina
178 2649 433 2736 disputabimus.

116 2768 236 2832 Relibit
265 2754 381 2832 autem
406 2787 526 2854 corpus
556 2769 745 2834 humanum
770 2773 879 2838 multo
906 2771 1029 2838 fortius
1093 2821 1095 2828 ·
1125 2759 1130 2768 ’

56 2895 183 2950 externae
206 2886 439 2975 intemperiei,
465 2903 567 2973 quam
587 2887 710 2973 reliqui
739 2910 855 2954 omnes
869 2889 1026 2984 organis·
1058 2878 1065 2885 ”

57 2999 104 3072 ml,
127 3025 198 3070 cum
223 3009 329 3072 almae
355 3022 495 3070 naturae
514 3004 592 3070 finis
617 3005 672 3080 lit,
709 3009 896 3072 humanum
920 3027 1026 3096 genus

58 3117 89 3176 Ξῖ]
107 3126 279 3205 quamlibet
304 3125 512 3190 adsuefacere
534 3124 753 3210 temperiem,
774 3141 813 3188 ut
831 3127 945 3214 omnia
970 3127 1027 3190 cli·
1065 3109 1073 3118 ’

57 3251 124 3301 mata
148 3245 266 3309 durare
289 3245 395 3332 poffit
442 3219 537 3330 Quae
563 3219 701 3330 quidem
721 3245 772 3310 via
788 3244 897 3310 vitalis
913 3267 1027 3333 pugna

57 3371 148 3422 tonna
178 3365 383 3428 offensurum
416 3363 540 3428 aestum
581 3380 757 3428 externum
794 3381 853 3428 aut
886 3363 1028 3429 noxium
1100 3397 1111 3420 ι

56 3465 137 3558 frigor
164 3478 210 3544 ita
236 3481 422 3572 contingit,
467 3498 508 3550 ut
535 3482 710 3547 minuatur
731 3483 879 3570 corporis
902 3501 1028 3570 tempe-

57 3584 104 3654 ῐὶθθ
131 3593 165 3662 in
185 3601 289 3678 aestu,
329 3617 489 3690 augeatur
512 3617 625 3664 autem
647 3601 685 3664 in
709 3603 842 3690 frigore.
891 3603 1028 3666 Etenim

58 3703 251 3788 Chalmerfrus
275 3737 427 3809 expertus
449 3721 508 3795 est,
532 3721 557 3784 fr
583 3723 677 3785 calor·
695 3739 849 3788 externus
870 3749 916 3780 τ.-
942 3729 1028 3816 10102

60 3839 211 3902 laternum
227 3844 290 3908 elle
307 3870 353 3905 ..τ
366 3855 446 3930 950,
476 3851 536 3928 970
553 3860 651 3918 vero,
678 3841 702 3904 ft
719 3851 774 3905 aer
792 3841 896 3928 frigus
912 3863 957 3896 π
975 3847 1030 3918 ¹8⁰
