2440 4764
1097 165 1099 179 ³
1203 160 1204 196 l

5 239 6 286 1
66 269 70 283 t
1203 197 1204 268 l

5 299 6 346 l
160 319 164 330 .

188 445 262 520 422
336 428 428 503 un.
454 428 501 500 11.
566 380 641 500 ou
678 363 802 502 vnn
841 405 1110 498 sensimus

139 625 144 632 ·
188 613 258 686 pus·
276 597 434 663 sonorum
457 594 694 681 componitur,
734 589 894 678 qualitate
926 589 1179 676 manisellopro·

189 715 367 830 ficiscitur,
408 737 520 802 neque
545 711 698 779 celeritas
716 710 788 776 soni
808 711 995 814 quidquam
1011 713 1105 774 habet
1121 731 1183 790 cum

193 860 233 902 co
260 853 377 902 tenore
414 834 613 901 communis.
678 834 833 922 Cuprum
858 847 892 894 ct
917 830 1061 920 ,zincum
1084 847 1115 894 et
1137 833 1182 893 ser·

192 981 269 1022 rum
294 973 328 1022 ct
351 972 544 1042 argentum,
586 951 734 1016 maxime
757 951 782 1013 sa
811 949 975 1038 peculiari
997 953 1098 1016 modo
1126 951 1207 1014 iun-¹

193 1079 366 1151 cresunt,
406 1075 620 1140 clarissumum
644 1073 742 1136 edere
767 1086 922 1135 tenorem
951 1073 1079 1146 solent,
1119 1093 1185 1136 caus

192 1219 357 1284 panarum
376 1165 746 1264 et‘tintinnabulorum
768 1193 932 1279 exemplo.

589 1455 624 1478 ‘⁴
657 1443 733 1516 457·

279 1560 319 1621 In
354 1555 473 1620 eodem
494 1543 650 1640 'corpore
688 1554 800 1638 plures
837 1550 1092 1618 oscillationum
1114 1551 1188 1615 modi

99 1723 105 1734 .
196 1674 389 1762 contingere
410 1675 553 1761 possunt.
600 1673 636 1740 si
657 1673 781 1738 chorda
804 1671 894 1736 tensa
923 1693 964 1734 ex
981 1687 1056 1736 toto
1075 1670 1188 1743 oscillat

195 1791 331 1882 quaevis
354 1764 449 1858 simul
461 1793 626 1878 dimidia,
661 1791 776 1867 tertia,
792 1785 795 1802 ’
810 1807 927 1878 quarta
952 1813 1031 1878 pars
1048 1793 1120 1856 suaa
1136 1805 1189 1876 pot·

195 1915 239 1980 est
272 1914 415 1980 sonnare
441 1913 681 1988 oscillationes‚
724 1922 903 2000 etpraetcr
920 1912 1189 1976 fundamentalem

56 2058 58 2070 ·
153 2103 162 2124 f
194 2051 333 2108 tonum,
372 2015 552 2098 alii'etiam
581 2033 787 2109 audiuntur,
830 2035 922 2119 quod
941 2029 1111 2110 ¹lordanus
1134 2031 1189 2098 Ric-

194 2153 261 2220 cuti
273 2154 376 2238 (dede
398 2155 499 2218 corde
519 2177 644 2220 ovvero
652 2157 742 2248 fibro
756 2155 919 2248 classicus.
942 2155 1094 2238 Bologn.
1116 2157 1189 2264 p767.

193 2274 244 2358 4.)
266 2271 394 2361 egregie
417 2275 578 2360 exposuit.
630 2274 746 2358 Simile
774 2277 858 2362 quid
883 2270 1057 2360 contingit
1092 2275 1126 2344 in
1157 2275 1189 2336 so-

169 2409 178 2450 ἱ
193 2377 371 2460 lidioribus
389 2394 585 2481 corporibus
613 2412 672 2458 aut
697 2393 919 2468 membranis,
957 2415 1049 2478 quae
1083 2410 1190 2482 praeter

140 2515 423 2592 ,·transversales
448 2513 550 2579 etiam
582 2515 845 2603 longitudinales
874 2518 1001 2608 habent
1036 2514 1189 2582 oscillatio-

194 2657 275 2706 uesn
314 2632 494 2698 Dissimilis
528 2636 573 2698 est
603 2635 861 2702 consonantium
891 2657 969 2702 cum
1001 2634 1190 2701 acutioribu

194 2753 386 2842 graviorum
411 2767 572 2818 tonorum
587 2755 690 2830 ratio,
721 2759 880 2842 quum-ad
893 2755 1083 2842 polaritatis
1100 2775 1189 2841 quam·
1212 2769 1214 2814 l

195 2877 273 2969 dam
293 2873 438 2962 speciem
459 2875 576 2940 reduci
600 2879 705 2965 posse,
744 2878 907 2964 supra·(§.
928 2877 999 2961 35.)
1025 2864 1155 2940 monui.

255 3085 258 3092 .
281 3000 330 3060 Ea
354 2994 571 3060 consonantia
596 3015 717 3084 augere
741 2995 815 3060 soni
843 2977 1075 3060 intensttatem
1095 2993 1189 3084 potes,
1213 3001 1214 3006 ’

194 3118 251 3182 scd
273 3115 378 3204 magis
404 3113 505 3179 etiarn
529 3115 642 3180 robori
670 3115 806 3182 additur
828 3114 1049 3180 consonantia
1067 3115 1190 3178 aliorum

141 3217 143 3227 Ι
194 3257 374 3322 corporum
399 3236 560 3300 durorum
586 3251 620 3298 et
636 3237 863 3308 cubicorum,
900 3235 992 3306 unde
1010 3233 1190 3301 instrumen-

193 3372 227 3422 ta
256 3355 379 3420 musica
409 3355 574 3418 allerculis
603 3354 724 3442 ligneis
759 3355 986 3430 instruuntur,
1027 3378 1115 3444 quae
1138 3374 1190 3416 ma-

134 3479 138 3492 *
193 3495 342 3563 gnopere
363 3490 483 3538 tonum
507 3497 626 3564 augere
652 3476 890 3550 consuescunt,
925 3475 950 3546 fi
978 3478 1128 3566 perfecte
1152 3496 1189 3540 ex·

192 3593 363 3680 aruerint.x

281 3677 371 3780 Cuin
393 3730 483 3780 recta
511 3717 776 3804 quaquaversum
799 3713 909 3782 undae
932 3719 1074 3783 sonorae
1097 3735 1188 3781 move

190 3853 305 3912 entur,
335 3835 529 3926 frangantur
553 3836 746 3914 obstaculis,
777 3839 995 3922 debilitentur
1017 3838 1126 3906 nimia
1143 3832 1188 3900 dis·
