2562 4744
242 461 352 544 eta.
374 461 465 598 γι.»
489 463 562 542 ns
593 457 841 542 cartoro.
970 451 1042 556 ιιι
1158 576 1163 590 1

146 633 221 648 ,,
480 639 639 716 anx
832 645 835 662 ,
981 649 983 652 ,

117 759 216 844 Quae
232 777 310 830 cum
330 753 377 817 ita
394 754 471 828 sint,
505 755 588 846 quid
605 755 724 832 obstat,
757 755 939 842 quominus
962 758 1042 824 odo·

36 897 108 940 rum
130 877 274 940 cauffam
296 877 332 937 in
367 873 525 936 elementi
552 865 841 960 genere'maxime
867 878 1041 962 expanfivo

38 1011 67 1058 et
94 995 225 1058 volatili
243 995 469 1080 quaeramus?
516 995 635 1079 Quod,
665 1015 744 1058 curn
758 997 967 1082 hydrogenes
990 996 1044 1072 frt,

20 1115 140 1206 [nervis
164 1115 249 1178 adeo
270 1111 433 1176 familiare
460 1133 498 1176 ac
513 1108 835 1198 imponderabillbus
856 1135 958 1200 quam
970 1139 1039 1180 ma·

37 1233 117 1296 xime
147 1231 257 1304 adfine
291 1235 343 1334 (ils
372 1237 468 1314 45),
515 1233 552 1294 id
592 1219 815 1306 elementumss
865 1234 901 1298 ni
929 1235 1045 1322 ipsum¹
1147 1259 1149 1264 ’

38 1355 173 1416 odorum
197 1353 303 1416 cauffa
329 1350 385 1425 fit,
425 1353 616 1418 conducere
638 1352 758 1415 saltem
777 1351 936 1418 facillime
958 1357 1037 1420 odo-

39 1495 81 1535 res
97 1459 238 1558 oportet.
283 1472 321 1535 ld
336 1486 453 1539 autem,
469 1469 622 1554 plurimis
639 1485 673 1542 et
691 1443 942 1536 evidentitfimis
964 1475 1037 1558 qui.

39 1585 106 1654 dem
130 1595 293 1678 probatur
321 1568 533 1676 argumentis.
594 1589 741 1674 Corpora
777 1588 860 1664 fixa,
904 1589 1039 1658 metalla

40 1727 68 1772 et
86 1707 237 1810 lapides,
281 1725 354 1771 tum
380 1710 518 1803 demum
544 1708 653 1783 olent,
688 1729 766 1773 cum
787 1731 873 1795 aqua
900 1709 1037 1796 irrigan-

39 1845 102 1902 tur,
129 1837 186 1896 aut
210 1851 289 1908 cum
312 1826 409 1892 fricta
428 1804 673 1914 atmofplraera'e
693 1849 834 1913 vapores
853 1833 1036 1904 attrahunt,

40 1970 96 2033 quo
118 1952 205 2036 facto
231 1970 352 2035 aquam
374 1949 555 2012 secedere'
544 1969 581 2011 ιιι
603 1965 781 2036 utramque
803 1949 945 2014 formam
964 1968 1035 2034 per·

40 2068 155 2134 suasum
204 2073 384 2144 habemus,
435 2067 626 2154 hydrargyri
674 2066 829 2152 inprimis
872 2055 1037 2154 exemplo,
1086 2087 1089 2102 ·

41 2191 119 2272 quod
144 2191 219 2256 'fola
257 2187 414 2252 frictione
448 2186 640 2252 calcinatur.
694 2187 898 2273 Vegetabiles
914 2191 1052 2273 ,partes
1075 2185 1097 2242 ἰ

41 2304 97 2372 lere
130 2331 247 2374 omnes
282 2312 403 2377 odorae
435 2299 626 2393 hydro'gene
657 2309 799 2373 scatent:
841 2309 918 2372 funt
942 2293 1070 2374 enirn*
1165 2295 1175 2304 ¹

41 2411 83 2490 vel
101 2433 170 2494 olea
194 2411 355 2494 aetherea
368 2428 422 2490 vel
446 2427 587 2490 balsama
604 2426 658 2516 vel
675 2427 848 2511 fpirituofa
862 2429 917 2492 vel
933 2426 1036 2493 etiam

42 2549 212 2634 narcotica,
253 2572 334 2636 quas
357 2567 472 2612 omnes
495 2543 674 2630 particulas
699 2544 886 2630 ingreditur
901 2549 1035 2629 'hydro
1061 2557 1066 2563 “

41 2681 133 2746 genes.
178 2671 252 2748 Nec
277 2671 401 2733 florum
424 2663 603 2750 fragrantia
626 2661 708 2725 huic
729 2655 928 2748 expofitioni
956 2687 1022 2730 con

40 2785 123 2852 traria
146 2790 205 2853 est.
247 2787 313 2854 olei
335 2786 426 2850 enim
450 2781 615 2850 aetherei
622 2781 749 2866 paratio
775 2804 793 2845 e
824 2783 1037 2870 fragrantiffi

40 2901 92 2966 mis
109 2905 253 2970 floribus
272 2923 305 2973 et
329 2907 416 2993 ipsa,
449 2925 576 2987 nuper.
572 2901 705 2964 iterum
734 2899 946 2977 confirmata,
977 2905 1036 2968 ob·
1115 2939 1118 2948 =

41 3017 182 3092 len-atio
201 3029 243 3092 de
278 3027 416 3091 floribus
445 3037 550 3088 noctu
578 2996 786 3094 lucentibus,
831 3019 1034 3107 hydrogenis

41 3142 278 3210 evolutionem
269 3151 305 3208 tn
306 3141 461 3210 floribus
478 3163 557 3206 vero
578 3140 688 3204 reddit
705 3137 917 3204 fimillimam
962 3141 1034 3225 lpfe
1119 3200 1123 3205 .

41 3255 282 3337 adamasthor,
320 3267 427 3328 multo
456 3264 653 3350 fragrantior
673 3258 810 3345 spiritu,
848 3279 954 3346 equo
977 3279 1033 3344 pa·

40 3389 134 3453 ratur,
170 3383 278 3446 multo
296 3380 396 3444 etiam
414 3381 545 3446 facilius
562 3381 732 3443 flammam
749 3375 916 3468 concipit,
941 3379 1031 3462 ¹urul-

41 3503 67 3552 to
88 3500 127 3560 est
151 3498 336 3571 volatilior,
373 3499 573 3585 hydrogenis
592 3499 696 3586 igitur
716 3498 879 3564 maiorem
901 3512 933 3564 et
951 3497 1031 3566 lihe-

41 3600 153 3679 riotem
170 3618 324 3684 continet
345 3618 486 3703 copiam.

70 3753 76 3764 “
113 3737 183 3802 Nec
204 3736 401 3830 animalium
423 3736 548 3812 foetor,
586 3761 649 3803 nee
673 3737 741 3825 ipfa
764 3738 926 3826 putredo,
965 3735 1031 3802 foe·

40 3857 133 3920 torem
155 3859 365 3929 teterrimum
391 3878 451 3944 per
470 3853 621 3920 medium
653 3857 795 3945 statliurn
816 3857 958 3944 spirans,
993 3855 1032 3916 fi*

628 3977 731 4043 Ffo
781 4017 783 4030 ·

1072 3593 1104 3627 χ,

1223 3647 1270 3665 „2⁴
