2536 4770
103 447 247 526 cap.
277 449 363 530 vu.
414 449 491 558 up
517 443 720 526 canone
744 449 965 532 totunm.
1020 461 1094 544 ως
1193 469 1196 488 ·

40 620 109 694 id,
166 619 280 704 quod
308 600 432 705 θεςμόν
461 635 637 692 vocamus,
675 619 753 688 libri
776 608 867 708 ,trapi
888 605 1006 706 ἅρχῷν
1036 641 1093 682 au·
1169 671 1175 686 .

39 757 134 802 ctor
162 735 361 826 praecipit.
409 737 573 824 Spiritalis
600 761 637 802 ea
660 739 858 804 informatio
881 739 1031 830 primurn
1053 741 1094 804 ab

40 857 278 924 Erafistrato
322 874 531 946 oppugnata,
581 861 680 945 plane
720 861 829 922 eversa
870 861 955 933 fuit,
1003 881 1092 932 curn,

40 980 359 1066 Epicuraeorum
380 979 585 1066 pedissequi,
607 978 795 1044 Methodici
818 980 1096 1066 corpusculorum
1175 1047 1180 1060 α

43 1099 287 1190 congeriem
318 1113 472 1184 ratosque
504 1098 638 1164 ordines
669 1097 936 1166 introduxissent.
989 1099 1097 1164 Ascle«

45 1223 186 1308 pindes
223 1205 327 1282 enini
348 1217 477 1308 primus
502 1233 537 1282 et
560 1219 685 1284 Calfius
708 1220 938 1312 Iatrolophilta
967 1189 1093 1284 frictioss

52 1365 98 1404 ne
129 1337 240 1404 oriri
274 1340 419 1404 calorem
444 1353 478 1401 et
500 1336 538 1402 in
562 1359 702 1425 corpore
724 1343 874 1404 humano
897 1340 1092 1410 statuerunt.
1131 1305 1164 1406 ,l

47 1462 72 1526 sa
111 1459 346 1545 corpuscula
377 1459 420 1522 ad
450 1457 555 1522 semet
584 1457 733 1524 invicem
771 1473 930 1526 terantur.
995 1434 1093 1544 Quae

45 1581 225 1670 quidem
262 1577 400 1664 opinio,
438 1575 517 1641 rudi
548 1577 605 1640 illa
637 1595 671 1640 et
700 1578 829 1664 vulgari
862 1577 1092 1642 observatione
1182 1639 1187 1650 ,

46 1706 94 1767 de
126 1702 233 1789 igne
261 1720 283 1761 e
307 1697 407 1785 lignis
433 1695 525 1762 ficcis
548 1699 661 1790 lecum
684 1696 771 1760 tritis
794 1693 906 1762 elicito
930 1695 1027 1772 nixa,
1059 1704 1101 1762 et‘

45 1823 184 1888 nostra
216 1817 389 1884 memoria
420 1817 566 1882 fautores
595 1817 728 1884 invenit
766 1837 838 1882 non
873 1835 1016 1906 paucos,
1058 1830 1093 1880 at

44 1938 242 2008 levillimi
269 1936 429 2004 nominis.
749 1928 751 1932 ’

154 2063 193 2126 Α
216 2058 394 2146 sangrfinis
411 2059 503 2124 enim
520 2059 666 2126 circuitu
683 2059 730 2126 ita
751 2059 834 2125 oriri
851 2061 996 2126 calorem
1011 2079 1090 2124 con·

48 2187 229 2250 stantem
250 2178 485 2259 crediderunt,
500 2199 555 2246 -ut
578 2183 705 2271 globuli
729 2180 902 2268 sanguinei
927 2178 1093 2246 continuo

46 2326 147 2394 gyro
164 2303 289 2365 semet
304 2301 523 2386 appellentes,
541 2320 641 2390 atque
657 2303 700 2367 ad
713 2301 854 2390 parietes
867 2303 1021 2365 valorum
1035 2300 1093 2360 fle·
1128 2321 1137 2332 “

48 2443 202 2492 norum
235 2435 299 2484 aut
317 2419 499 2487 diuisurum
521 2425 613 2490 adlifi
635 2426 780 2489 calorem
799 2423 983 2490 lenfibilem
1005 2421 1094 2506 iugi-
1157 2474 1159 2482 .

49 2565 111 2611 ter
153 2542 338 2607 evolvant.
398 2545 510 2630 Quam
538 2545 676 2632 quidem
709 2541 907 2630 opinionem
935 2546 1092 2608 Iatrorna-

48 2657 270 2731 chartetici
283 2659 329 2726 ita
346 2662 544 2728 confirruare
561 2663 774 2738 studuerunt,
796 2679 853 2737 ut,
876 2684 894 2726 a
910 2677 1007 2729 motu
1029 2681 1094 2730 nos

49 2793 218 2871 [emper
249 2781 447 2847 incalescere
473 2798 573 2868 atque
598 2802 638 2845 eo
661 2783 783 2870 magis,
826 2805 893 2869 quo
918 2782 1027 2849 maius
1053 2779 1093 2843 fit

47 2905 241 2996 partibus
267 2899 379 2968 solidis
400 2888 527 2975 robur,
544 2903 788 2966 contenderent
799 2925 809 2979 ;
843 2903 935 2966 unde
954 2915 988 2964 et
1002 2899 1094 2962 viros

50 3025 267 3094 calidiores
289 3009 353 3084 effe
378 3021 532 3090 feminis:
572 3022 653 3089 hinc
677 3022 779 3090 etiarn
801 3022 914 3110 pullus
936 3016 1093 3084 velocita-
1201 3073 1206 3082 ,

48 3167 147 3214 ‘tem
163 3145 381 3231 {plerumque
405 3140 443 3205 in
465 3144 596 3210 ratione
621 3124 767 3230 quadam
789 3144 832 3223 ad
852 3141 996 3206 calorem
1019 3136 1090 3205 elle,

165 3261 244 3330 Sed
267 3262 486 3346 neglexerunt
510 3263 612 3327 huius
635 3261 806 3349 opinionis
828 3263 992 3335 fautores,
1023 3259 1092 3350 glo·

53 3390 178 3456 balos
204 3379 378 3467 sanguinis
403 3395 577 3468 tantopere
603 3381 739 3469 exiguos
762 3385 1021 3468 effe‘(§.157.)‚
1054 3395 1096 3446 ut
1128 3383 1129 3388 ’

55 3529 137 3575 nec
174 3502 227 3568 ad
250 3500 292 3584 ,se
317 3499 464 3566 invicem
490 3501 619 3568 conteri
644 3525 708 3568 nec
733 3503 955 3570 sufficientem
986 3499 1093 3589 parie-

55 3629 179 3705 tibus)
208 3619 367 3682 valorum
397 3619 795 3708 superficiem‘praebere
828 3623 961 3711 possint.
1022 3625 1096 3689 Nec

56 3755 212 3812 humor
247 3739 434 3825 quispiam,
477 3744 514 3804 ni
548 3735 713 3806 elementa
746 3742 897 3810 chemica
927 3744 1092 3816 secedant,

58 3872 110 3933 ad
144 3858 288 3931 canalis
313 3860 368 3923 vel
399 3859 582 3928 firmiffimi'
603 3861 746 3950 parietes
775 3863 823 3926 ita
842 3860 953 3950 ¹adlidi
977 3861 1094 3950 potest,
