2536 4770
251 409 259 426 ,
290 475 313 524 :1
325 471 372 522 ιο
425 447 536 526 cnP.
561 447 643 530 vn.
682 437 770 523 ¹DE
798 377 1002 526 ctLORE
1027 451 1226 528 ANIMALL

754 633 828 698 303·

300 743 475 844 Quae
498 759 578 804 cum
602 734 650 800 ita
673 736 755 812 tint,
793 737 858 802 alia
881 739 925 804 est
951 743 1110 806 tentanda
1132 757 1163 805 et
1182 741 1246 827 perse

288 865 377 932 ctior
400 860 528 928 ceteris
543 837 776 944 explicatio,
784 881 879 946 quae
896 875 937 924 ut
959 861 1081 925 clarior
1107 860 1163 924 fiat
1185 877 1211 924 et
1226 864 1246 923 lu

288 980 480 1055 calentior,
504 977 617 1066 paullo
639 979 757 1044 altiora
775 1003 798 1044 e
796 979 949 1066 phyfica
973 976 1124 1046 doctrina
1143 997 1246 1066 repetet

289 1107 333 1168 da
349 1105 435 1167 sunt.
479 1081 664 1166 Praemiffia
678 1097 746 1176 iia,
775 1123 861 1187 quae
880 1104 922 1164 de
946 1101 1064 1174 caloris
1085 1101 1246 1186 imponden

287 1221 352 1290 bili
369 1223 482 1285 indole
504 1223 551 1304 (β.
570 1224 647 1302 34)-
663 1235 838 1306 praecepta
855 1221 1011 1296 fuerunt,
1033 1222 1205 1284 notandum
1220 1211 1246 1288 ed

287 1341 510 1430 capacitatem
543 1361 725 1425 corporum
758 1341 816 1404 seu
843 1340 1033 1427 potentiam
1070 1333 1246 1404 abscondent

288 1481 350 1528 aut
369 1459 574 1532 absorbendi,
591 1459 708 1526 caloris
728 1459 822 1524 vario
843 1461 945 1526 medo
969 1461 1114 1536 mutari,
1136 1443 1194 1546 quo
1210 1473 1246 1516 mt-

124 1663 127 1671 ,
204 1655 208 1660 .
287 1585 339 1674 gia
364 1583 471 1647 variat
492 1581 601 1644 forma
626 1600 825 1665 corporum,
859 1581 912 1646 vel
933 1581 1060 1658 solida,
1099 1556 1149 1645 vel
1171 1575 1246 1644 fluida

285 1706 341 1769 vel
372 1700 509 1767 elastica.
572 1699 627 1763 Est
656 1718 770 1766 autem
800 1705 882 1766 haec
910 1700 1076 1786 capacitas
1098 1699 1157 1766 alia
1180 1689 1246 1782 quali

284 1841 336 1890 tas
366 1845 548 1908 corporum
577 1843 616 1884 ac
641 1820 814 1906 specificas
846 1823 960 1894 calor,
1010 1803 1070 1908 qui
1105 1814 1246 1992 ΡοιιιιὺιιΡ

285 1941 541 2034 complectitur,
566 1940 712 2002 liberum
736 1943 879 2005 calorem
902 1941 1102 2028 recipiendi.

285 2157 485 2258 fie'solidti
510 2181 594 2244 statu
614 2179 653 2243 in
678 2179 824 2244 fluidum
847 2183 994 2258 abeunt,
1036 2203 1113 2248 cum
1136 2171 1229 2246 calor'

276 2117 285 2138 ,
365 2061 512 2129 ¹Etenim
542 2058 713 2154 principio
745 2075 886 2146 augetur
910 2063 1076 2148 capacitas
1100 2071 1239 2146 corporum

1223 2065 1246 2354 i

193 2387 204 2410 ἱ
284 2303 345 2394 qui
374 2303 494 2366 fluidas
528 2295 640 2364 reddit
673 2301 867 2386 particulas,
921 2305 1158 2370 thermometm
1185 2300 1231 2359 hau

195 2399 227 2490 ,ἶ
281 2423 499 2527 ΡειεὶΡὶιιιιιῖ
545 2421 700 2486 Blackiue
722 2421 790 2486 iam
814 2437 892 2485 ante
917 2409 1157 2512 quinquaginta
1173 2429 1245 2480 annot

282 2559 437 2630 expertus
461 2545 523 2616 est,
546 2540 706 2630 glaciem,
730 2541 825 2608 cuius
850 2546 1030 2640 temperies
1044 2573 1088 2604 =
1102 2535 1240 2624 3a0Fah1..

282 2664 430 2742 fervidae
457 2686 561 2750 aquae
580 2655 714 2748 ‘eripere
734 2664 822 2750 poffe
848 2681 989 2753 centum
1014 2683 1049 2732 et
1069 2653 1241 2752 quadragina

180 2777 197 2868 ¹,
281 2785 423 2874 gradue·‚
445 2783 513 2848 fine
532 2785 603 2848 ullo
626 2783 784 2848 senfibilis
805 2788 982 2871 temperiei
1007 2753 1191 2875 augmenti),
1208 2770 1241 2830 dt

268 2925 347 2970 ‘nec
368 2905 503 2991 penitus
523 2903 703 2991 liquefacta
727 2905 812 2968 effet.
861 2905 982 2971 Omnia
1005 2901 1152 2993 igituria
1177 2884 1240 2956 feni·

245 3001 249 3014 ’
280 3029 343 3090 dae
372 3047 477 3110 aquae
505 3026 596 3088 calor
628 3009 806 3088 adhibetur
841 3025 883 3088 ad
902 3025 1049 3090 fluidam
1065 3009 1240 3086 neddenduss

179 3145 182 3152 “
278 3143 431 3231 glaciem.
481 3145 532 3205 Ex
561 3145 679 3206 eadem
711 3143 817 3208 cauffa
853 3143 932 3208 rates
965 3139 1152 3228 crystallini,
1187 3133 1239 3194 dm

278 3263 468 3336 solvuntur,
492 3283 614 3348 aquam
626 3259 858 3351 frigefaciunt.
882 3263 1055 3349 abripiunt
1068 3259 1153 3360 enim
1168 3261 1242 3350 aqU³³3

277 3377 398 3445 caloris
416 3401 490 3444 eam
515 3383 665 3468 copiam,
705 3407 771 3471 qua
799 3387 842 3450 ad
868 3385 1045 3458 transitum
1074 3380 1111 3442 in
1131 3346 1242 3437 ¹tluiditt

273 3513 346 3564 tem
369 3517 477 3587 egent.
525 3507 602 3591 Quo
625 3505 765 3571 celerius
790 3482 1237 3584 salessolvu11tur,quovel⁰·

274 3617 348 3682 οἰοῖ
383 3618 424 3682 fit
459 3622 643 3688 solidorum
674 3646 854 3713 corporum
886 3625 1029 3688 mutatio
1066 3618 1102 3681 in
1134 3603 1237 3673 fluidam

262 3737 443 3828 indidem,
468 3763 508 3808 eo
533 3744 697 3844 maiorem
720 3747 894 3810 absorbent
918 3743 1034 3814 caloris
1059 3747 1195 3824 copltmv
1212 3728 1237 3776 ²⁰

276 3858 386 3928 maior
411 3860 451 3926 fit
476 3864 651 3954 capacitas.
