2440 4764
157 453 322 542 354
405 455 496 530 ιιι.
513 425 570 526 ἰι
617 451 690 523 nu
718 391 845 528 1ιιιι·
868 390 1130 578 saratinus.

245 639 345 688 tenua
376 633 498 715 gerunt
528 621 728 705 separatam,
768 595 808 686 iat
841 589 1074 722 corpusculum
1102 623 1207 709 subglan

233 743 402 811 ιιὶιιίοῐιιιιι
424 741 569 814 intersit,
609 763 627 804 a
653 760 757 803 nervo
781 739 909 825 optico,
941 763 1043 826 quem
1058 741 1207 814 circumdat,

248 861 363 927 oriens
387 865 422 926 et
445 859 584 924 vasculis
609 858 764 946 plurimis
792 875 992 944 portentum

335 981 571 1070 Pigmentum,
608 980 702 1065 quod
734 976 828 1044 iridis
856 981 1025 1046 internam
1051 977 1157 1042 faciem
1178 999 1209 1040 ra·

99 1070 119 1174 Ι.
249 1101 322 1175 slit,
351 1103 444 1168 aliud
467 1099 503 1163 in
524 1095 759 1164 nonnulliaell
782 1098 984 1164 animalibus
1009 1123 1048 1165 ac
1070 1089 1120 1172 id,
1153 1099 1216 1182 quod

249 1221 464 1288 choroideam
493 1216 641 1282 obducit.
686 1220 800 1283 Hoc
789 1243 844 1283 an
851 1220 997 1306 piscibus
1016 1237 1134 1293 atrum,
1157 1217 1216 1280 illul

250 1331 436 1428 splendenti
463 1359 544 1402 auro
571 1337 676 1402 firnile
702 1353 760 1402 aut
782 1339 1012 1404 ruberrimnm
1037 1341 1095 1406 ella
1134 1337 1216 1460 cadmi

157 1517 162 1530 .
231 1459 439 1526 differentia
465 1459 567 1522 etiam
596 1459 634 1522 in
665 1459 781 1524 avibus
816 1461 1022 1536 observatur,
1063 1465 1216 1576 quanqum

250 1595 365 1645 tantus
388 1578 541 1644 colorum
564 1579 719 1665 splendor
744 1579 866 1645 iridem
890 1582 980 1644 haud
1003 1595 1107 1661 ornet

337 1701 452 1763 Mutua
477 1697 609 1768 iridis
598 1721 636 1762 ιιι
661 1699 805 1786 psittacis
826 1715 860 1762 et
880 1700 956 1781 raJia
983 1699 1163 1766 arbitrarius
1181 1695 1210 1766 cll

251 1819 358 1909 quod*
372 1819 458 1882 sorte
490 1817 614 1906 gauglii
642 1818 790 1884 defectui
826 1817 864 1883 in
894 1841 999 1885 nervo
1031 1816 1210 1906 ophthalmia

249 1927 470 2006 tribuendum
501 1941 556 2004 est.
615 1939 838 2004 Memoranda
873 1939 974 2006 etiam
999 1943 1046 2006 all
1073 1932 1209 2004 differenti

251 2056 460 2133 foraruinia,¹
484 2061 577 2146 quod
599 2059 786 2122 rotundum
810 2057 847 2124 in
880 2053 1036 2136 homine,
1078 2052 1210 2124 transversa

252 2181 349 2247 ovale
380 2178 419 2244 in
458 2177 729 2252 ruminantibus,
770 2180 973 2253 verticaliter
1006 2154 1101 2246 ovalo
1130 2174 1210 2241 finita

183 2277 191 2286 Ρ
244 2297 459 2369 acuminatia
481 2295 519 2362 in
549 2295 630 2370 lale,
674 2287 935 2365 rhomboideum
963 2299 1001 2364 in
1033 2316 1114 2366 rana
1141 2313 1167 2361 et
1187 2295 1208 2354 l·

253 2436 358 2494 certa,
394 2416 597 2484 cordisorme
629 2415 670 2481 in
701 2413 862 2506 delphino
893 2421 945 2486 est.
998 2426 1039 2486 In
1073 2407 1209 2498 embryonl·

250 2541 314 2606 bus
350 2539 508 2604 humanis
548 2551 583 2602 et
622 2537 819 2604 animalium
857 2543 1094 2606 mammalium
1127 2531 1207 2623 puptlt

249 2661 443 2725 membrana
466 2657 628 2744 peculiari
653 2631 860 2734 occluditur,
881 2661 1078 2738 tenerrima,
1113 2658 1207 2722 cinerea

249 2777 389 2844 vasculia
416 2801 434 2842 e
457 2783 571 2843 c'entro
597 2777 723 2842 diffusas
743 2796 940 2866 perreptata.
962 2781 1063 2846 ·Pott
1078 2776 1207 2865 septimo

249 2899 399 2962 mensem
421 2895 603 2972 evanescit,
638 2913 678 2962 ut
707 2897 774 2964 fine
800 2900 1018 2987 ea'plerique
1049 2887 1205 2963 infantat

161 3007 165 3014 ⁴
248 3019 361 3083 lucem
387 3018 538 3084 edantur.

334 3137 480 3202 Iniecta
494 3139 621 3202 liabent
654 3141 851 3242 olroroideae
888 3141 1003 3230 nigrae
1040 3137 1204 3206 tenerrima·

4 3265 6 3268 ’
117 3281 141 3338 -ῥ
247 3239 574 3362 tracheiapartextae,
589 3234 831 3334 rudimentum,
847 3262 898 3326 sed
914 3262 1127 3349 pigmentum
1140 3265 1205 3320 atauo

246 3377 338 3440 haud
362 3375 576 3461 posteriorem
607 3378 680 3443 eiua
702 3377 823 3443 faciem
851 3381 1007 3447 obducit:
1046 3361 1206 3446 anterius

245 3495 291 3560 all
314 3509 348 3558 et
368 3489 519 3580 proxime
543 3501 600 3563 sub
618 3521 738 3564 cornea
758 3501 958 3576 collocatur,
989 3501 1166 3588 perforatur
1176 3503 1203 3549 ιι

242 3629 312 3682 tam
338 3614 516 3683 filamentis
542 3617 821 3704 pyramidalibus,
857 3639 942 3705 quae
967 3621 1006 3682 ab
1036 3617 1145 3705 optico
1164 3621 1203 3671 ¹¹²¹·

239 3753 283 3800 vo
319 3703 404 3798 oriri
434 3735 611 3802 videntur.
661 3732 753 3802 unde
787 3756 851 3802 nec
884 3737 994 3803 iridis
1008 3759 1077 3806 nec
1105 3715 1203 3802 orbicul

235 3851 362 3921 ciliaria
384 3857 493 3920 ullum
518 3857 692 3942 superest
680 3875 718 3920 ιιι
726 3857 779 3936 iia
798 3841 1061 3923 animalculis
1036 3853 1190 3942 redigimur
