2536 4770
214 659 324 742 cta.
348 661 412 736 vt.
440 659 513 736 oa
539 615 880 738 ειειιίιιιιιοιιιιι
996 661 1044 752 35
1067 611 1091 738 s

59 823 169 906 ¹vitulis,
194 827 475 916 amplilfimueest,
490 826 527 890 in
538 828 772 893 allantoideam
782 831 911 914 abienst
937 831 974 896 in
984 835 1043 898 bu
1092 917 1094 928 y

58 967 236 1042 tinnovero
255 950 328 1020 ictu
345 950 428 1014 adeo
450 945 590 1034 gracilia,
614 963 654 1012 ut
668 949 801 1023 tertiam
821 951 981 1016 duntaxat
1003 953 1041 1018 li·
1101 1017 1111 1041 χ

58 1088 122 1131 neae
142 1086 274 1155 partem
286 1068 415 1152 capiat,
441 1067 608 1152 fetamque
622 1067 680 1130 vix
695 1035 870 1154 porcinam
879 1072 1040 1137 admittat.

125 1189 255 1252 Carum
276 1188 337 1250 elle
361 1208 440 1252 eum
458 1185 608 1250 canalem
627 1190 787 1272 probatur
810 1211 895 1275 aqua
915 1189 1039 1254 velicae

63 1305 196 1382 inmitia,
220 1327 308 1390 quae
325 1303 498 1368 manifesto
523 1325 584 1389 per
606 1309 746 1368 eumad
768 1307 968 1374 umbilicum
987 1304 1039 1399 trs·

61 1441 106 1508 que
125 1439 286 1509 penetrat.
332 1423 497 1488 Viderunt
526 1422 628 1489 etiam
651 1425 828 1500 nonnulli,
854 1429 1037 1512 parturien·

58 1542 124 1606 tium
147 1557 203 1606 aut
228 1543 359 1607 calculo
390 1556 423 1607 et
450 1541 652 1606 retentione'
669 1545 787 1606 urinae
814 1541 1036 1630 laborantium

57 1658 169 1727 niluteo
181 1661 309 1726 lotium
322 1661 524 1747 propellere.¹
544 1659 755 1748 Quinetiam
762 1660 899 1729 Littriut
919 1667 1034 1732 rariifi-
1052 1697 1056 1712 ·

55 1801 129 1843 num
144 1763 331 1845 observavit
344 1781 475 1854 calum,
506 1779 566 1843 ubi
581 1782 725 1842 urachut
740 1781 782 1842 ad
797 1781 1034 1850 duodecimum

54 1919 138 1985 tuque
153 1921 285 1964 annum
303 1914 436 1983 apertus
447 1897 570 1963 lotium
581 1921 640 1984 per
652 1897 853 1962 umbilicum
865 1878 1031 1968 educeret.

120 2019 503 2097 sea,commutarume1t
526 2017 644 2082 urachi
671 2015 903 2085 rudimentum
931 2020 967 2086 id
992 2021 1030 2086 in

16 2111 18 2188 i
53 2137 172 2203 humano
195 2139 283 2216 fetu,
299 2159 378 2201 cum
393 2135 563 2223 primitiva
579 2135 740 2214 vesiculae
752 2139 953 2205 umbilicalis
964 2141 1030 2206 for-

15 2265 17 2326 ᾖ
54 2255 191 2333 natione,
229 2279 320 2344 quae
349 2257 503 2349 ductibus
536 2253 778 2322 intestinalibue
799 2257 837 2320 in
864 2260 1029 2325 abdomen

54 2375 228 2444 terminatur.
286 2377 436 2468 Turgida
462 2375 562 2442 latice
586 2375 766 2462 gelatinolo
785 2378 967 2444 nutritioni
982 2361 1027 2474 τὰς
1063 2379 1067 2396 “

55 2493 164 2560 nenimi
185 2497 275 2562 fetus
301 2494 454 2592 inservit,
487 2512 586 2582 atque
604 2517 644 2558 ex
662 2517 699 2560 ea
716 2519 775 2582 per
790 2498 943 2562 ductulos
958 2518 1024 2572 eos,

53 2631 233 2702 nequaquam
256 2635 333 2677 cum
347 2608 453 2678 relico
467 2615 621 2677 nondum
635 2616 793 2692 formata,
816 2617 872 2680 sed
886 2637 964 2680 cum
979 2631 1026 2679 te·

54 2731 98 2792 nui
112 2733 261 2800 intestino
276 2737 503 2807 cohaerentes,
526 2733 710 2818 ipsumhoc
725 2735 897 2800 formatur.
930 2739 1025 2818 ¹Era·-

53 2851 220 2919 nelcitvero
238 2870 310 2918 tota
323 2856 406 2916 haec
420 2850 573 2925 molitio,
598 2851 732 2946 {imolae
754 2853 857 2946 velita
873 2853 1032 2918 urinaria,
1138 2887 1141 2892 ·

54 2969 199 3048 evolvitur,
220 2975 314 3061 quod
330 2959 677 3076 egregie‘nuperqimia'
689 2967 1026 3052 temporibuaOlteniae
1122 3003 1129 3020 ι
1174 3027 1175 3034 ,
1251 3059 1252 3068 ¹

55 3103 83 3146 nt
95 3103 120 3150 et
130 3093 309 3158 Merkeliue
321 3077 449 3165 tertius,
472 3091 597 3178 collega
614 3087 816 3160 clarissimus,
839 3092 1024 3189 qrobarunt

54 3206 180 3294 (lm).
204 3210 331 3276 Similia
343 3211 501 3274 veliculae
516 3209 567 3272 illi
581 3206 769 3273 umbilicali
798 3207 883 3274 fctus
914 3225 1022 3275 tencr-

53 3320 111 3387 rimi
125 3329 318 3394 humaniest
334 3327 449 3392 tunica
467 3328 672 3410 erythroides
694 3350 816 3393 canum
841 3344 874 3392 et
892 3327 1021 3405 felium,

16 3507 17 3510 ,
53 3461 131 3524 quae,
151 3447 231 3514 licet
247 3448 367 3534 aquoso
384 3427 485 3510 latice
500 3447 673 3526 scaturiat,
697 3447 895 3532 neutiquam
909 3465 1021 3513 tamen
1122 3505 1125 3512 .

53 3572 258 3640 perurachum
274 3587 352 3628 curn
365 3567 468 3631 vefica
486 3566 632 3630 urinaria
648 3565 805 3644 nectitur,
824 3559 880 3628 led
893 3589 952 3652 per
967 3589 1020 3632 va·

55 3675 416 3771 &omphalo-melaraica
429 3677 507 3752 curn
523 3681 712 3786 melenterii
729 3683 809 3750 vafit
827 3689 989 3777 cohaeret.

482 3819 553 3889 289.

114 3921 393 3998 Constantilfimue
415 3947 495 3990 vero
513 3924 600 4006 ‚lotii
627 3925 733 3991 exitur
755 3919 901 3990 e-trefica
928 3932 1019 4006 patet
1112 3913 1114 3918 ’

15 4025 16 4036 ¹
52 4047 285 4124 letaniarum,
315 4047 465 4116 canalem
481 4043 519 4108 in
533 4041 625 4144 'virili
650 4065 791 4134 corpora
817 4043 923 4107 multo
940 4042 1017 4134 lon·
