2440 4764
206 505 284 584 sss
366 488 457 562 tra.
484 485 532 558 11.
584 483 660 558 ou
698 479 821 559 vnu
860 425 1128 562 sensnm,

194 631 200 638 .
248 692 250 700 v
276 631 490 744 ‘aequiritur
507 643 617 716 ¹etiam
641 643 787 736 myopia¹
801 623 1044 717 consuetudine
1067 649 1192 738 proximt

209 780 375 850 continuo
403 791 438 838 et
449 759 668 835 'rninutisfirna
687 769 951 856 contemplandi,
968 831 975 836 ,
992 769 1194 857 unde[eraditi

210 903 331 970 viriet
355 893 498 960 artifices
515 891 702 976 'sculptores
731 905 766 956 et
792 889 852 976 qui
876 890 967 977 typis
990 889 1092 957 libros
1115 890 1196 976 erpti-

210 1029 313 1090 munt
336 999 374 1083 id
396 1013 522 1076 vitium
547 1011 788 1076 contrahunt(
814 1011 904 1075 Cum
938 991 1031 1075 enim
1063 1013 1196 1076 musculo·

210 1165 291 1211 mm
327 1136 365 1204 vi
398 1153 539 1226 corneae
566 1129 700 1194 tunicae
739 1127 930 1196 convestitas
981 1142 1151 1219 augeatur,
1186 1153 1211 1191 a

211 1271 376 1353 'perpetua
414 1272 532 1316 eorum
582 1252 816 1315 musculorum¹
846 1247 1041 1316 intentione
1079 1225 1211 1316 constans1

217 1382 290 1448 eius
313 1365 453 1440 tunicae
467 1369 694 1460 prominentia
715 1369 870 1434 nascitur.
914 1371 1026 1436 Potest
1042 1371 1198 1455 etiampro·

213 1498 366 1568 cessuu'm
392 1490 561 1558 ciliarium
585 1489 746 1554 continua
771 1487 808 1551 in
834 1481 961 1554 lentem
979 1491 1069 1556 actio
1093 1493 1142 1556 vel
1162 1512 1198 1576 po

218 1623 318 1687 srt'um
346 1614 436 1688 eius,
479 1611 534 1676 vel
565 1609 708 1674 sormam
742 1609 789 1674 ita
820 1625 968 1686 mutare,
1018 1627 1059 1675 ut
1086 1606 1199 1696 paralleli

218 1737 439 1808 remotiorum
463 1753 577 1796 rerum
600 1727 686 1792 radii
703 1729 741 1792 in
759 1729 951 1816 propiorem
970 1739 1092 1797 cosant
1107 1731 1197 1798 focan

114 1909 116 1916 ,
221 1861 303 1928 dein
322 1877 402 1922 vero
423 1853 470 1919 ita
501 1849 746 1940 dispergantur,
785 1863 824 1914 ut
854 1850 991 1915 confusa
1013 1847 1199 1916 remotiorum

221 1981 303 2048 vifio
327 1978 463 2062 oriutur.
492 1984 519 2016 -2'

310 2101 450 2181 Myopes
475 2108 605 2158 remota
630 2091 891 2182 contemplaturi
911 2089 1098 2158 connivere
1120 2089 1198 2159 solent

166 2263 168 2268 ·
226 2239 266 2290 ut
288 2213 481 2310 peregrinos
501 2211 611 2296 radios
629 2235 746 2278 omnes
763 2226 915 2286 arceant,
947 2209 1149 2300 unicamque
1158 2229 1201 2272 ren

226 2337 446 2428 adspicientes
464 2331 574 2396 radios
598 2332 670 2395 eius
687 2329 770 2397 solos
790 2331 956 2419 colligant.
1006 2334 1199 2398 Consuescutl

218 2445 394 2549 praeterea
420 2452 562 2540 obliquo
577 2437 706 2517 'obtutu
744 2441 900 2525 cernere,
946 2466 1005 2519 aut
1038 2437 1161 2520 librum
1178 2449 1198 2510 lt·

124 2599 127 2606 ’
226 2563 376 2670 gendum
407 2572 455 2637 ita
482 2583 618 2666 tenere,
666 2588 706 2636 ut
731 2571 895 2660 imagines
921 2582 992 2640 non
1027 2589 1119 2638 recta
1147 2583 1198 2658 port

147 2731 150 2756 ι
225 2703 372 2769 lentem,
414 2693 471 2758 sed
502 2691 540 2756 in
566 2693 668 2755 latera
703 2691 830 2756 retinae
859 2695 988 2760 cadant.
1043 2693 1153 2761 -Cuitts
1174 2683 1198 2750 rei

161 2885 164 2890 .
192 2881 195 2900 ‚
227 2819 350 2906 triplex
373 2815 441 2879 fere
469 2814 512 2877 est
535 2811 715 2898 expolitio:
739 2815 793 2878 vel
810 2813 903 2878 enim
928 2834 1004 2882 axes
1024 2815 1123 2882 ·'oculi
1138 2803 1200 2876 nini

228 2915 449 3005 conniventes
469 2930 646 2997 difficilem
660 2935 807 2998 reddunt
830 2951 975 3022 utroque
994 2918 1097 3004 oculo¹
1117 2931 1198 2996 risun

228 3076 270 3124 ut
294 3056 398 3120 unico
419 3053 541 3118 tnalint
567 3051 639 3118 uti:
680 3055 734 3118 vel
763 3055 845 3118 alter
875 3057 991 3122 oculus
1018 3055 1118 3122 aliam
1137 3051 1198 3116 halet

216 3159 301 3276 sirici
323 3159 528 3247 distantium,
565 3175 658 3238 unde
680 3171 814 3239 alterius
838 3175 999 3239 duntaxat
1023 3169 1122 3240 usum
1146 3182 1198 3256 prat·

226 3297 364 3360 serunt:
387 3282 448 3356 'vel
474 3291 621 3381 denique
650 3307 795 3362 extrema
825 3293 953 3359 retinas
981 3319 1059 3381 pars
1080 3284 1198 3357 remotio1

166 3465 169 3478 ,
233 3436 254 3480 a
291 3415 381 3478 lente
416 3433 517 3496 quam
551 3411 719 3503 laterales,
765 3407 918 3477 confusas
955 3411 1036 3478 sacit
1066 3405 1198 3497 imagines

222 3515 494 3596 'distinctioribus
523 3547 656 3605 contra,
689 3551 774 3617 quae
797 3532 835 3594 in
858 3533 960 3598 latera
983 3533 1146 3598 incidunt

320 3647 449 3713 Vitiutlr
471 3649 507 3713 id
526 3637 650 3716 dicitur
668 3667 773 3716 aetate
796 3669 952 3740 provecta
971 3653 1163 3718 decrescere,
1181 3651 1197 3700 ll

234 3774 433 3860 presbyopes
461 3770 561 3846 liant,
602 3771 661 3857 qui
686 3793 824 3859 myopes
850 3777 926 3838 ante
956 3770 1107 3845 fuerant,
1145 3755 1198 3852 qnod

235 3888 338 3957 etiam
353 3912 393 3954 ex
406 3888 589 3966 imminuto
616 3893 714 3982 aquei
738 3891 890 3960 hutnoris
915 3909 950 3960 ct
970 3891 1116 3980 corporis
1135 3871 1196 3949 nuti
