2462 4766
186 553 189 563 ,
267 451 348 538 ιιι
429 449 518 522 arr.
544 447 591 522 11.
643 437 863 578 na‘vrra
889 417 1148 532 aaronem,
1226 495 1227 500 ι

267 621 389 686 florem
407 632 466 686 atat
489 617 589 680 letam
613 614 788 701 porcinam
812 617 914 684 etiam
946 620 1016 686 fine
1049 621 1167 710 negotio
1190 625 1219 686 ri·

157 772 161 786 ·
267 735 389 806 mittat.
432 719 550 804 *Oculis
578 733 726 810 claustr,
755 737 897 802 inferius
930 757 1092 826 punctum
1113 742 1219 827 paullum

265 877 344 926 ante
364 860 519 946 'superius
547 856 730 944 prominet,
765 879 808 920 ne
830 861 1044 926 collabantur.
1087 863 1219 926 Inducta

88 1055 91 1068 Ι
191 1011 202 1034 ι
253 1005 305 1049 ,ea
327 980 405 1046 ollia
426 976 523 1042 hiant
554 975 756 1061 peculiares,
803 979 863 1063 qui
895 959 1049 1066 protinus
1079 1002 1116 1045 ex
1142 981 1211 1044 osculi

262 1083 394 1165 furlum
425 1099 644 1182 deorsumque
669 1094 706 1158 in
733 1118 850 1162 coecos
880 1101 1077 1183 procelluloa
1099 1097 1212 1187 produc'

259 1195 348 1282 dein
371 1216 457 1280 infra
480 1218 643 1302 supraque
670 1219 885 1281 carunculam
910 1209 1112 1285 lacrimulam
1133 1220 1171 1282 ita
1191 1239 1217 1280 tr

157 1423 159 1436 μ
268 1347 372 1410 bunt,
423 1350 463 1398 ut
494 1338 536 1400 ad
572 1335 746 1402 internum
783 1337 868 1402 latua
907 1341 1045 1404 demum
1082 1339 1227 1420 confluant,

229 1509 236 1521 .
265 1459 419 1547 paullum
445 1455 647 1544 angustiores
675 1477 777 1544 quam
805 1479 871 1544 qua
895 1459 933 1522 in
963 1463 1154 1547 procellulor
1178 1456 1185 1518 i

264 1581 492 1644 dilatarentur.
554 1580 599 1642 Ut
625 1598 705 1642 vero
733 1553 984 1656 confluxerunt,
1027 1581 1065 1644 in
1089 1578 1189 1666 [patiol

264 1704 392 1778 abeunt
414 1698 709 1786 conceptaculum,
751 1699 877 1762 furlum
904 1697 1021 1776 etiam,
1063 1698 1158 1786 magis
1174 1717 1199 1758 ve

264 1823 423 1890 deorsum
443 1821 665 1905 productum,
695 1819 786 1884 laeua
801 1819 977 1891 lacrimulis
994 1818 1148 1892 nomine,
1166 1835 1195 1901 qu

263 1941 377 2028 paullo
402 1938 489 2002 infra
515 1939 676 2023 angulum
706 1938 795 2003 oculi
824 1937 996 2003 internum
1019 1934 1197 2028 ,proximas

262 2077 340 2126 cute
365 2058 556 2124 collocatur.
609 2059 771 2144 Suprema
800 2057 871 2124 eiua
894 2057 979 2123 sacci
1011 2081 1087 2146 pars
1115 2057 1152 2122 ad
1174 2052 1189 2116 l'

262 2197 418 2246 mennam
454 2180 648 2264 palpebrae
665 2177 844 2264 superioris
890 2181 938 2266 (ἦ.
967 2186 1074 2261 aros)
1100 2180 1194 2240 adhaer
1226 2201 1227 2237 ι

250 2299 377 2366 -vicino
411 2289 563 2362 musculo
596 2296 775 2383 obliquo
765 2319 801 2358 ιιι
805 2296 938 2362 feriorir
983 2299 1186 2365 incumbat
1226 2335 1227 2342 2

177 2479 179 2489 ,
262 2427 379 2492 foveae
399 2423 457 2484 seu
479 2405 568 2484 sulco
596 2415 796 2510 peculiari,
821 2439 923 2502 quem
952 2387 1119 2503 proeellas
1143 2415 1186 2478 nal
1202 2409 1226 2472 ’ζ

189 2549 192 2556 ’
261 2547 335 2613 oilie
358 2540 573 2606 mandibulae
594 2535 772 2624 superioris
804 2559 882 2600 cum
914 2540 977 2604 olle
1006 2532 1211 2604 lacrimalilrt·

145 2729 149 2747 ,
260 2683 340 2734 mat.
391 2659 586 2747 Angustatur
609 2641 689 2722 deii
715 2658 824 2721 saccus
849 2656 908 2722 ille
930 2654 968 2720 in'
999 2660 1146 2755 canalem
1165 2649 1211 2715 nala·

259 2793 327 2854 lem
348 2799 438 2848 recta
459 2780 742 2852 descendentem„
774 2776 870 2840 cuius
894 2775 972 2842 finio
999 2801 1019 2840 a
1042 2778 1127 2864 plica
1151 2787 1209 2836 mea·

258 2914 382 2978 branae
400 2897 591 2988 pituitariae
612 2919 709 2961 narce
732 2895 879 2961 internae
895 2897 1065 2978 vestientie
1088 2885 1198 2979 attegia

321 3031 422 3092 .Parr
454 3019 605 3105 superior
631 3021 748 3084 ductus
777 3015 894 3081 nalalia
911 3016 1070 3080 ·musculi
1101 3007 1209 3082 orbicul

256 3151 303 3216 rie
320 3139 515 3232 aponeuroli
539 3139 685 3240 relatura
726 3139 849 3202 constat
874 3154 987 3202 autem
1013 3139 1139 3202 duabus
1164 3119 1208 3191 tul

162 3287 165 3296 “
256 3269 317 3364 oia,
348 3277 490 3350 quarum
508 3245 650 3324 interior
670 3278 704 3322 c
713 3260 911 3322 membrana
931 3257 1069 3322 narium
1077 3241 1209 3341 pituitaria

256 3384 400 3476 produci
423 3381 570 3452 videtur,
607 3376 707 3444 variis
731 3376 853 3464 cryptis
873 3393 907 3440 et
927 3361 1208 3464 glandulis,;mudt

255 3508 300 3572 rie
328 3503 429 3570 obfita
459 3503 656 3586 (Sb'mmerr.
679 3498 750 3562 rab.
772 3501 820 3560 11.
835 3491 873 3590 f.
900 3501 1098 3575 16--.).13
1146 3495 1208 3554 Laxat

190 3664 192 3674 ·
253 3631 330 3692 lunt
344 3623 503 3692 tunicae,
533 3617 773 3684 muscularibue
799 3616 891 3682 fibris
914 3599 1103 3689 destitutae,
1138 3593 1206 3688 inpll

144 3753 161 3784 ·’
253 3766 308 3810 oar
337 3743 535 3827 plerumque
560 3753 618 3800 aut
636 3759 734 3824 rugae
761 3759 815 3803 eas
832 3737 1007 3808 collectae,
1047 3749 1087 3798 ut
1110 3717 1206 3818 plulcd

167 3911 170 3918 ·
254 3865 365 3952 iugata
381 3857 616 3944 conceptacula
631 3857 829 3924 constituere
846 3855 1032 3931 rideantur.
1079 3851 1158 3920 Vim,
1174 3849 1206 3925 qu
