2462 4766
205 514 283 591 508
359 501 448 576 trs.
476 499 524 576 11.
574 435 649 584 na
671 457 803 580 Tvroa
834 469 1146 626 sarsurus,

293 668 384 736 Dein
410 667 558 734 efficitur
588 691 629 736 ex
660 669 837 746 omnibus,
887 695 973 760 quae
1000 675 1108 764 posui,
1141 680 1185 746 im.

205 788 423 884 ponderabile
448 787 548 864 illud,
588 790 680 875 quod
707 789 924 858 Galvanicam
954 798 1109 862 conducit
1134 801 1186 864 esti·

66 996 97 1010 ‚¹
138 925 141 931 ·
177 916 181 932 ’
207 913 382 986 cientiam,
404 908 442 972 in
463 908 521 982 iis,
551 909 609 995 qui
628 909 792 994 proclives
813 908 890 976 sunt
912 915 950 978 in
972 918 1064 984 hrinc
1084 921 1186 994 statum,

206 1033 458 1103 accumulatum
484 1031 545 1093 effe
569 1028 606 1110 in
630 1029 723 1104 aliis,
764 1030 986 1100 imminutum
1003 1039 1040 1102 in
1055 1039 1121 1104 aliis
1137 1063 1188 1126 par·

205 1159 305 1224 tibus.
351 1149 594 1215 valetudinarii
613 1165 654 1213 ut
673 1149 861 1236 plurimum
883 1156 960 1219 sunt
983 1161 1027 1243 (ᾗ.
1044 1166 1126 1243 394)
1148 1177 1190 1223 ant

206 1281 345 1344 iuvenes
374 1269 491 1356 rapido
519 1245 666 1356 corporis
692 1268 901 1339 incremento
927 1277 1025 1355 elati,
1064 1295 1117 1368 aut
1136 1305 1188 1344 ner·

109 1470 121 1487 ⁸
206 1398 290 1464 voirs
313 1391 500 1490 ,adfectibus
530 1389 682 1502 obnoxii
736 1393 952 1468 Pertractatio
976 1399 1121 1500 corporis
1147 1400 1189 1462 illa

112 1589 120 1602 ,
207 1513 382 1586 artificiosa
407 1509 625 1598 aequabiliter
643 1511 817 1575 distribuit
829 1503 1120 1599 '‘imponderabilm
1153 1535 1188 1591 ut,

72 1660 76 1668 ·
166 1689 177 1700 .
208 1639 298 1729 quod
324 1633 361 1698 in
384 1649 500 1698 centro
524 1629 710 1710 senfilitatis
742 1631 821 1696 alias
850 1637 1101 1702 accumulatum
1129 1655 1188 1710 erat,

206 1745 276 1827 iarn
292 1781 298 1792 ·
314 1777 374 1842 per
413 1767 519 1816 totam
559 1751 708 1836 corporis
741 1751 952 1837 superficiem
987 1756 1188 1824 distribuatur.

207 1878 335 1971 Quodsi
371 1873 532 1948 diuturna
571 1869 755 1958 digitorum
793 1871 1019 1958 applicatione
1056 1876 1091 1940 in
1118 1894 1189 1963 parte

207 2001 351 2091 quadam
379 1993 634 2064 accumulatur,'
662 1989 830 2055 molestiae
845 1991 1003 2056 oriuntur
1020 2015 1054 2060 et
1071 1998 1188 2060 anxiata»

133 2163 140 2175 .
206 2141 273 2194 tes,
309 2111 450 2201 spasticis
475 2109 560 2201 dein
583 2109 762 2174 insultibus
791 2112 951 2197 explosae.
1015 2116 1070 2180 Est
1101 2134 1188 2180 autent

207 2258 240 2310 et
263 2237 384 2301 modus
404 2229 458 2330 is,l
489 2227 848 2318 digitorum.apicibue
873 2232 1052 2321 ingerendi
1080 2209 1187 2302 antidi·

206 2352 344 2448 gerendi
360 2348 450 2415 illius
470 2349 578 2424 fluidi,
611 2343 731 2415 adfinis
758 2333 921 2417 electiicis
945 2355 1112 2436 artificiis3
1134 2380 1187 2421 acu·

205 2480 248 2542 tis
273 2472 365 2540 enim
389 2467 540 2556 apicibus
559 2467 716 2558 dirigitur
745 2471 941 2539 electricitas
967 2490 1004 2538 et
1028 2481 1187 2542 advehitur.

204 2579 329 2664 Palmis
349 2606 462 2656 autern
489 2607 522 2654 et
544 2591 642 2677 plana
667 2587 798 2674 pollicis
822 2591 909 2654 facie
937 2575 1082 2684 admotis
1109 2602 1188 2664 detra-

203 2703 297 2782 hittir
328 2709 533 2776 abundantia
564 2697 838 2805 imponderabilis
871 2727 904 2808 ct
936 2713 1093 2781 sedantur
1123 2717 1187 2781 adse·

205 2855 287 2904 ctus.
331 2831 422 2898 Hinc
445 2821 548 2920 etiarn
570 2831 680 2896 sensus
704 2837 792 2917 aegri
815 2832 934 2896 eodem
956 2838 1061 2900 modo
1081 2852 1188 2900 mutan·

204 2975 259 3022 tur
266 2987 291 3030 ‚·
308 2975 381 3048 'quo
403 2935 601 3016 electricitas
622 2967 763 3039 utraque
805 2950 888 3038 agit,
938 2953 1081 3038 positive
1113 2975 1187 3042 agen.

204 3094 253 3144 tes
268 3073 461 3162 digitorum
486 3045 595 3157 apices
630 3043 793 3146 calorem,
831 3073 998 3147 ardorem,
1043 3077 1081 3138 in
1104 3072 1188 3140 oculis

202 3194 359 3260 scintillas
379 3189 412 3255 'et
440 3206 610 3276 turgotum
624 3214 703 3256 cum
720 3207 815 3258 aucta
834 3181 874 3257 ''vi
887 3193 981 3258 vitali
999 3199 1187 3280 producunt:

194 3317 391 3402 palmarum
417 3309 565 3376 admotio
589 3310 877 3378 contrariomodo
897 3312 1027 3401 frigus²
1050 3319 1187 3402 pallorem

133 3451 136 3456 '
202 3451 236 3499 et
267 3401 472 3496 sedationem
505 3429 687 3494 effectuum
715 3430 872 3494 omnium
903 3432 1010 3498 efficit
1035 3439 1077 3519 (ᾗ.
1107 3438 1185 3519 395).

202 3551 376 3642 Quamdiu
407 3550 537 3620 suetmn
567 3543 853 3634 imponderabilis
877 3547 1013 3618 cursum
1043 3577 1062 3618 a
1093 3529 1185 3621 centro

135 3693 138 3704 ·
199 3675 310 3741 versus
336 3670 505 3736 ambitum·
523 3670 682 3736 tractibus
707 3669 936 3736 artificialibus
958 3645 1116 3760 seiluutus
1131 3671 1184 3733 sut·

139 3789 146 3806 '
197 3790 261 3865 ris,
299 3789 440 3890 iucundi
463 3791 688 3876 importantur
712 3792 839 3860 sensust
879 3790 1037 3867 contrarii
1053 3804 1181 3860 'tractus
